4373 5048
252 555 387 605 1¹01.
405 554 529 606 818.

574 392 657 443 lv,
677 392 850 456 42-V.
880 387 985 459 19.]

572 569 817 613 monem
844 552 1135 625 credimus

1841 376 2067 439 JoHA
2078 363 2288 439 NNE·
2303 405 2318 421 ·

1354 523 1506 575 lectio
1522 523 1573 573 in
1586 522 1728 573 albas
1744 522 1826 573 die
1838 522 1997 573 sabba

573 646 686 723 ipsi
706 647 867 705 enim
894 645 1224 704 audiuimus
1322 678 1534 740 „Dicit
1560 690 1756 741 autem
1784 680 1861 740 ad
1890 698 2027 739 eum

572 749 632 799 et
658 740 877 799 scimus
903 739 1043 816 quia
1069 738 1165 798 hic

574 843 665 893 est
690 850 827 892 uere
855 833 1111 892 saluator

574 926 757 987 seculi
783 932 896 1003 xps
918 959 1001 970 —
1014 950 1099 977 w

547 1017 625 1054 *⁴⁸
643 1020 784 1080 Post
809 1019 1051 1078 biduum
1078 1023 1211 1079 aute

547 1111 875 1190 *profectus
902 1124 991 1173 est
1019 1112 1157 1171 inde

545 1204 639 1266 *in
666 1208 934 1284 galileam
956 1238 973 1254 ·
1034 1206 1222 1283 “ipse

548 1298 739 1361 *enirn
767 1302 857 1360 ihs
884 1301 1130 1361 testifica

574 1405 669 1454 tus
697 1404 784 1454 est
852 1396 991 1471 quia
1016 1412 1126 1470 pro

574 1486 693 1546 feta
719 1487 781 1546 in
810 1504 914 1546 sua
938 1488 1125 1564 patria

573 1579 863 1640 honorem
891 1599 1014 1641 non
1040 1580 1119 1641 ha

572 1675 673 1734 bet
690 1705 704 1720 ·
765 1674 810 1709 ⁴⁸
828 1673 980 1734 Cum
1009 1691 1153 1752 ergo
1180 1692 1256 1735 ue

573 1767 754 1826 nisset
782 1767 841 1825 in
870 1768 1080 1844 galilea

574 1870 954 1938 susceperunt
982 1872 1107 1919 eu-

571 1954 764 2031 galilei
786 1985 800 1999 ·
864 1955 1064 2013 omnia
1088 1955 1149 2014 ui

573 2047 779 2106 dentes
807 2065 957 2123 quae
986 2046 1133 2106 facie

572 2142 673 2199 bat
698 2142 761 2199 in
790 2140 1125 2199 hierusale-

573 2234 634 2293 in
664 2234 756 2293 die
784 2234 925 2293 fessto
1006 2244 1065 2293 et
1092 2234 1203 2311 ipsi

572 2328 731 2388 enim
756 2336 1040 2388 uenerant
1068 2328 1128 2386 in

572 2582 727 2641 diem
754 2581 966 2642 festum
985 2614 1001 2630 ·
1025 2614 1106 2627 —

570 2677 615 2710 ⁴⁸
632 2675 811 2736 Uenit
836 2694 978 2752 ergo
1006 2675 1213 2735 iterum

569 2769 657 2829 ihs
686 2770 745 2828 in
774 2788 923 2829 cana
948 2770 1192 2846 galileae
1222 2801 1238 2817 ·

567 2864 669 2923 ubi
696 2863 907 2924 fecerat
933 2881 1148 2940 aquarn

567 2957 771 3016 uinum
793 2988 809 3003 ·
834 2988 848 3003 ·
912 2956 1054 3016 Erat
1087 2975 1164 3015 au

568 3059 687 3109 tem
715 3049 954 3127 quidam
980 3069 1127 3126 regu

566 3142 655 3202 lus
736 3145 900 3203 cuius
926 3143 1081 3202 filius

564 3237 959 3296 infirmabatur
986 3238 1047 3295 in

566 3349 919 3407 capernaum
942 3361 956 3377 ·
1019 3330 1064 3363 ⁴⁷
1084 3329 1203 3390 Hic

1325 773 1559 851 regulus
1580 804 1595 821 ·
1668 773 1785 833 dr‘1e

1328 866 1621 926 descende
1651 866 1810 944 prius

1329 977 1507 1036 quam
1534 960 1813 1019 moriatur

1329 1072 1475 1130 puer
1500 1070 1665 1112 meus
1688 1083 1703 1099 ·
1760 1052 1808 1086 ⁸⁰
1823 1051 1981 1112 Dicit

1325 1147 1411 1205 illi
1438 1148 1527 1207 ihs
1596 1146 1746 1206 uade
1774 1146 1853 1205 fili

1328 1260 1398 1299 us
1426 1251 1559 1301 tuus
1584 1241 1725 1300 uiuit
1746 1272 1761 1287 ·
1832 1240 1909 1301 Et

1328 1334 1570 1395 credidit
1597 1335 1782 1394 homo

1324 1429 1569 1486 uerbum
1596 1428 1757 1505 quod

1326 1520 1471 1580 dixit
1497 1522 1641 1581 eiihs
1670 1532 1727 1581 et
1754 1520 1876 1580 ibat

1322 1612 1369 1648 ⁸¹
1386 1614 1514 1673 Iam
1542 1624 1737 1675 autem
1764 1614 1981 1674 descen

1324 1707 1565 1767 denteeo
1585 1740 1599 1755 ·
1663 1708 1816 1769 serui
1844 1708 1969 1768 eius

1323 1811 1696 1861 occurrerunt
1725 1802 1779 1862 ei

1322 1905 1381 1955 et
1407 1898 1821 1955 nuntiauerant

1323 1988 1583 2049 dicentes
1611 1994 1755 2066 qum
1782 1988 1822 2047 fl

1320 2081 1431 2141 lius
1460 2092 1591 2142 tuus
1618 2082 1761 2142 uiuit
1782 2114 1863 2127 —
1880 2114 1896 2129 ·

1320 2172 1367 2208 θ’
1383 2175 1791 2253 Interrogabat
1817 2194 1962 2254 ergo

1321 2268 1529 2329 horam
1550 2272 1626 2329 ab
1652 2272 1737 2329 eis
1763 2288 1881 2348 qua

1320 2362 1525 2422 melius
1555 2363 1756 2423 habuit
1779 2396 1793 2410 ·
1860 2363 1938 2423 Et

1320 2457 1587 2517 dixerunt
1614 2457 1667 2516 ei
1695 2458 1832 2536 quia

1318 2576 1589 2636 hesterna
1617 2577 1713 2637 die
1740 2576 1890 2636 hora

1318 2670 1567 2747 septima
1596 2670 1813 2730 dimisit
1845 2672 1886 2729 il

1317 2763 1439 2823 lum
1461 2764 1636 2825 febris
1656 2796 1670 2811 ·
1713 2764 1761 2798 ⁸³
1780 2765 1994 2841 Cogno

1316 2859 1401 2918 uit
1428 2876 1571 2935 ergo
1600 2869 1764 2936 pater
1791 2860 1929 2937 quia

1314 2953 1413 3012 illa
1440 2952 1584 3012 hora
1605 2971 1721 3029 qua
1740 2953 1819 3011 illi
1841 2954 1985 3013 dixit

1315 3045 1407 3106 ihs
1433 3047 1592 3122 quod
1622 3046 1771 3106 filius
1800 3057 1933 3107 tuus

1314 3139 1455 3198 uiuit
1474 3170 1488 3185 ·
1546 3139 1624 3199 Et
1653 3140 1895 3200 credidit

1316 3232 1444 3309 ipse
1463 3242 1521 3291 et
1548 3233 1740 3293 omnis
1767 3231 1979 3293 domus

1314 3325 1439 3384 eius
1461 3357 1475 3372 ·
1538 3326 1583 3358 ⁶⁴
1598 3324 1737 3385 Hoc
1766 3327 1971 3386 iterum

2126 548 2384 625 porticos
2411 546 2634 606 habens
2653 576 2670 593 ο

2126 640 2150 675 ⁸
2166 641 2229 699 in
2256 641 2468 718 quibus
2495 640 2762 699 iacebant

2129 733 2435 793 multitudo
2465 732 2596 791 infir

2126 827 2416 886 mantium
2449 835 2752 886 caecoru‘·

2130 920 2470 981 claudorum
2498 930 2556 980 et
2582 919 2711 980 bari

2131 1013 2344 1073 dorum
2367 1046 2381 1063 ·
2409 1046 2422 1060 ·
2465 1014 2490 1048 ⁸
2509 1014 2653 1073 Erat
2680 1032 2756 1073 au

2131 1116 2254 1165 tem
2282 1108 2364 1165 ibi
2389 1108 2571 1166 homo
2599 1138 2616 1153 ·
2637 1126 2752 1167 xxx
2772 1139 2787 1155 ·

3493 386 3580 454 47

2881 544 2927 580 ¹²
2935 544 3386 623 Interrogabant
3406 555 3604 631 aute-2
3628 557 3754 605 rol.
3771 556 3896 607 214.

2881 638 3043 697 illum
3072 639 3334 699 dicentes
3357 670 3373 685 ·
3433 640 3566 718 quis

2880 742 2972 791 est
2997 732 3180 792 homo
3207 732 3310 810 qui
3337 733 3444 793 tibi

2882 825 3024 884 dixit
3051 826 3188 885 tolle
3215 825 3433 886 lectum

2879 926 3048 977 tuum
3076 928 3133 978 et
3159 920 3339 979 ambu

2881 1010 2939 1069 la
2957 1042 2972 1058 ·
3032 1011 3075 1045 ¹⁸
3090 1013 3184 1072 ille
3213 1024 3408 1074 autem
3436 1014 3581 1092 igno

2881 1106 3045 1164 rabat
3072 1107 3204 1184 quis
3230 1117 3384 1168 esset
3401 1140 3417 1155 ·

2130 1209 2191 1259 et
2213 1232 2226 1246 ·
2248 1218 2356 1260 um
2385 1232 2396 1247 ·
2419 1217 2610 1261 annos
2629 1200 2858 1261 habens
2881 1197 2982 1258 Ihs
3010 1200 3169 1259 enim
3198 1201 3500 1262 declinaue

2129 1292 2193 1352 in
2219 1294 2607 1353 infirmitatem
2630 1324 2645 1340 ·

2128 1389 2149 1421 ⁸
2168 1388 2348 1447 Hunc
2377 1405 2512 1447 cum
2540 1388 2783 1449 uidisset

2128 1482 2220 1541 ihs
2245 1484 2532 1541 iacentem
2615 1492 2673 1541 et

2126 1576 2320 1635 sciens
2348 1580 2490 1653 qt‘rm
2519 1576 2638 1634 iam

2124 1669 2374 1727 multum
2400 1669 2682 1746 temporis

2124 1761 2378 1821 habebat
2406 1762 2468 1820 in
2496 1762 2710 1821 infirmi

2126 1864 2307 1914 tatem
2324 1887 2339 1902 ·
2399 1854 2559 1916 Dicit
2587 1856 2665 1915 illi
2695 1855 2784 1917 ihs

2123 1950 2216 2008 uis
2243 1967 2420 2009 sanus
2448 1950 2570 2008 fieri
2588 1980 2604 1997 ·

2122 2042 2145 2075 ⁷
2164 2041 2498 2119 Respondit
2525 2043 2603 2101 illi
2633 2042 2764 2102 infir

2122 2154 2258 2195 mus
2349 2137 2465 2196 dne
2489 2170 2506 2185 ·
2535 2137 2826 2197 homine·-

2122 2247 2250 2289 non
2276 2229 2468 2290 habeo
2549 2241 2614 2289 ut
2640 2250 2776 2291 cum

2123 2332 2286 2382 mota
2313 2323 2482 2383 suerit
2509 2342 2662 2402 aqua

2120 2574 2311 2634 mittat
2338 2594 2433 2635 me
2461 2577 2522 2635 in
2550 2577 2775 2655 piscina
2803 2609 2818 2626 ·

2122 2668 2265 2726 dum
2291 2670 2448 2728 enim
2477 2688 2590 2746 ego
2617 2673 2794 2733 uenio

2120 2761 2267 2821 alius
2295 2772 2430 2822 ante
2458 2782 2554 2823 me
2581 2763 2798 2825 descen

2120 2856 2219 2914 det
2241 2886 2256 2903 ·
2316 2856 2338 2889 ⁸
2355 2855 2512 2917 Dicit
2540 2858 2618 2916 illi
2647 2859 2736 2918 ihs
2760 2891 2775 2906 ·

2118 2967 2294 3027 surge
2321 2950 2459 3010 tolle
2487 2950 2577 3011 lec

2118 3052 2244 3102 tum
2271 3054 2436 3104 tuum
2463 3055 2522 3104 et
2549 3046 2723 3104 ambu

2114 3137 2172 3195 la
2196 3168 2212 3183 ·
2270 3138 2293 3171 ⁹
2309 3137 2387 3196 Et
2414 3139 2606 3198 statim
2635 3139 2820 3199 factus

2114 3240 2206 3290 est
2232 3249 2408 3292 sanus
2435 3231 2620 3293 homo
2647 3265 2660 3280 ·

2114 3335 2173 3385 et
2199 3326 2326 3386 tulit
2351 3328 2680 3403 grabattum

2877 1302 2966 1351 rat
2993 1310 3130 1352 cum
3156 1295 3412 1373 populus

2878 1395 3034 1445 esset
3059 1387 3121 1445 in
3148 1387 3344 1447 locum
3361 1419 3377 1434 ·

2879 1478 2924 1511 ¹⁴
2941 1478 3082 1538 Post
3108 1480 3254 1541 haec
3281 1482 3504 1543 inuenit

2879 1571 3038 1631 illum
3067 1573 3156 1632 ihs
3183 1574 3245 1633 in
3273 1575 3496 1653 templo

2875 1675 2935 1725 et
2963 1666 3106 1726 dixit
3133 1668 3210 1726 illi
3230 1699 3244 1715 ·
3303 1688 3443 1729 ecce
3471 1688 3540 1730 sa

2877 1776 2988 1817 nus
3015 1759 3200 1820 factus
3227 1780 3292 1821 es
3315 1792 3330 1809 ·
3391 1764 3509 1823 iam

2875 1853 2997 1912 noli
3025 1871 3268 1929 peccare
3290 1886 3306 1903 ·
3364 1874 3442 1915 ne

2874 1946 3017 2023 quid
3033 1947 3136 2006 tibi
3156 1949 3408 2009 deterius
3466 1975 3576 2027 finit

2873 2041 3168 2118 contingat
3189 2072 3204 2089 ·
3249 2042 3294 2076 ¹⁶
3308 2042 3386 2102 Et
3413 2044 3550 2105 habi

2872 2132 2918 2191 it
2945 2132 3128 2193 homo
3157 2145 3216 2195 et
3243 2135 3386 2195 dixit
3414 2138 3474 2195 iu

2873 2226 3034 2287 daeis
3062 2229 3198 2305 quia
3227 2228 3316 2289 ihs
3343 2240 3434 2289 est

2873 2321 2972 2398 qui
2999 2320 3133 2382 fecit
3160 2339 3255 2381 me
3284 2340 3494 2383 sanum
3517 2354 3536 2373 ο

2869 2572 2915 2608 ¹⁸
2930 2583 2989 2634 et
3016 2587 3252 2653 propter
3277 2577 3393 2638 hoc
3423 2597 3531 2655 per

2869 2671 3296 2746 sequaebantur
3322 2671 3446 2731 ihm

2869 2763 3062 2822 iudaei
3087 2775 3145 2824 et
3172 2767 3532 2841 quaerebant

2868 2874 3006 2915 eum
3035 2858 3303 2919 occidere
3324 2890 3338 2905 ·
3399 2861 3540 2937 quia

2869 2950 3013 3010 haec
3045 2951 3294 3012 faciebat
3320 2956 3504 3015 sabba

2867 3044 2942 3102 tis
2962 3074 2977 3090 ·
3041 3044 3085 3078 ¹⁷
3099 3044 3177 3104 Et
3202 3049 3504 3124 respondit

2868 3137 2980 3198 illis
3008 3138 3098 3199 ihs
3122 3170 3136 3186 ·
3199 3151 3364 3217 pater
3391 3161 3490 3202 me

2869 3249 2941 3292 us
2966 3250 3190 3310 usquae
3218 3236 3400 3295 modo
3428 3255 3468 3295 o

2869 3337 3101 3404 petatur
3181 3339 3240 3389 et
3266 3347 3380 3406 ego
3407 3350 3447 3390 o

2870 3439 3040 3499 peror
3059 3453 3072 3468 ·
3098 3453 3112 3469 ·
3135 3454 3147 3469 ·
3171 3453 3186 3470 ·
3265 3420 3310 3457 ¹⁸
3328 3423 3572 3502 Propter

2869 3515 2984 3575 hoc
2993 3534 3137 3593 ergo
3155 3519 3344 3595 magis
3354 3537 3569 3595 quaere

2871 3611 3014 3668 bant
3040 3628 3177 3669 eum
3204 3611 3396 3672 iudaei
3423 3631 3499 3674 oc
3607 3677 3616 3688 ,

2868 3702 3061 3763 cidere
3083 3735 3098 3750 ·
3155 3711 3299 3781 qiim
3325 3725 3452 3767 non

2869 3798 3059 3857 solum
3087 3800 3352 3860 soluebat
3378 3804 3485 3862 sab

2867 3891 3068 3951 batum
3092 3923 3106 3938 ·
3168 3891 3286 3953 Sed
3313 3896 3490 3956 etiam

2866 3995 3094 4061 patrem
3121 4005 3292 4046 suum
3322 3990 3454 4051 dice

2865 4080 2967 4138 bat
2994 4097 3122 4139 esse
3151 4081 3252 4140 dffi
3276 4113 3291 4129 ·
3347 4102 3537 4163 aequa

2865 4173 2983 4232 lem
3011 4191 3074 4233 se
3103 4173 3323 4236 faciens
3349 4177 3428 4236 d6
3448 4211 3464 4227 ·

2867 4264 3199 4343 Respondit
3225 4288 3368 4348 ergo
3395 4273 3486 4332 ihs

2865 4369 2922 4421 et
2950 4361 3094 4421 dixit
3113 4361 3224 4424 illis
3242 4395 3258 4412 ·
3320 4365 3568 4428 ¹⁰Amen

2114 3437 2288 3478 suurn
2315 3430 2374 3479 et
2401 3421 2732 3480 ambulabat
2753 3453 2768 3469 ·

2112 3511 2256 3572 Erat
2283 3523 2477 3594 autem
2505 3516 2798 3574 sabbatu-

2111 3605 2174 3665 in
2197 3606 2292 3665 illa
2315 3606 2407 3665 die
2427 3637 2442 3654 ·
2476 3607 2823 3669 ¹⁰Dicebant

2112 3716 2256 3776 ergo
2284 3701 2441 3760 iudei
2540 3704 2727 3762 sabba

2112 3803 2239 3852 tum
2267 3803 2358 3853 est
2438 3812 2561 3855 non
2589 3796 2692 3855 tibi

2108 3887 2244 3948 licet
2269 3887 2468 3947 tollere
2497 3889 2700 3950 lectu-

2110 3992 2272 4041 tuam
2295 4013 2310 4028 ·
2365 3981 2410 4014 ¹¹
2429 3981 2676 4060 Respon

2113 4075 2198 4134 dit
2225 4075 2334 4135 illis
2401 4077 2504 4152 qui
2531 4076 2666 4136 fecit

567 3441 701 3482 cum
728 3423 985 3482 audisset
1013 3424 1151 3500 quia
1314 3418 1633 3479 secundum
1665 3421 1709 3480 si
1714 3432 1888 3497 gnu-

563 3516 653 3576 ihs
678 3517 837 3576 uenit
866 3516 940 3576 de
968 3516 1177 3576 iudaea
1312 3511 1449 3572 fecit
1475 3511 1563 3572 ihs
1590 3514 1835 3573 ueniens

564 3610 624 3669 in
652 3611 923 3688 galileam
946 3641 959 3656 ·
1023 3610 1164 3670 abiit
1313 3605 1386 3664 de
1398 3604 1568 3664 iudea
1586 3605 1646 3663 in
1663 3606 2006 3683 galileam—

563 3703 640 3763 ad
668 3722 804 3763 eum
830 3713 889 3763 et
914 3704 1159 3780 rogabat
1259 3697 1360 3760 ¹⁸¹5.
1376 3697 1663 3759 ²P0sthec
1673 3699 1777 3758 suit
1787 3700 1909 3760 dies
1926 3700 2011 3761 ses

560 3807 625 3857 ut
650 3797 1030 3857 descenderet
1258 3792 1293 3828 ¹⁸¹
1314 3803 1407 3854 tus
1434 3793 1739 3853 iudeorum
1757 3826 1772 3841 ·
1835 3804 1893 3854 et

560 3902 618 3950 et
646 3901 871 3950 curaret
890 3891 1073 3949 filium
1260 3886 1294 3922 *
1314 3887 1577 3947 ascendit
1604 3887 1693 3946 ihs
1719 3887 1880 3949 hiero

562 3984 685 4043 eius
786 3984 1100 4060 incipiebat
1260 3981 1295 4016 *
1311 3983 1538 4059 solyma
1560 4012 1574 4028 ·
1636 3979 1661 4013 ’
1676 3993 1763 4041 est
1790 3992 1983 4042 autem

562 4079 721 4137 enim
747 4078 897 4136 mori
922 4108 937 4124 ·
962 4109 976 4124 ·
1003 4110 1016 4124 ·
1046 4075 1264 4135 “Dixit
1310 4077 1372 4134 in
1401 4073 1809 4152 hierosolymis
1838 4077 1899 4135 in

561 4189 702 4248 ergo
730 4170 819 4229 ihs
847 4171 924 4231 ad
952 4187 1087 4228 eum
1118 4170 1177 4228 ni
1310 4169 1611 4246 probatica
1637 4169 1865 4246 piscina
1883 4202 1897 4217 ·

560 4265 607 4322 si
634 4265 803 4341 signa
828 4271 889 4324 et
914 4263 1183 4341 prodigia
1311 4261 1484 4334 Quae
1506 4262 1715 4322 dicitur
1736 4261 2007 4324 hebreice

557 4357 815 4418 uideritis
896 4374 1019 4416 non
1046 4355 1205 4415 credi
1309 4355 1591 4416 bethesda
1608 4387 1623 4402 ·
1688 4359 1949 4438 quinque
1968 4391 1981 4405 ·

1124 4449 1197 4508 tis

2113 4187 2210 4228 me
2240 4187 2450 4228 sanum
2477 4171 2570 4230 ille
2598 4171 2744 4232 mihi

2112 4263 2258 4322 dixit
2285 4263 2419 4321 tolle
2449 4267 2651 4325 crabat

2112 4367 2238 4416 tum
2267 4364 2431 4415 tuum
2459 4367 2516 4417 et
2543 4359 2776 4420 ambula
