4373 5048
623 390 690 441 X.
716 391 920 455 35-X1.
943 386 1020 454 9.]

299 562 433 614 rol.
449 565 572 613 104.
620 563 710 615 ter
769 554 1044 614 uolumus

618 657 682 707 ut
708 664 1086 728 quocumque

619 742 955 820 petierimus

618 846 838 913 prestes
866 837 1040 895 nobis
1059 865 1074 883 ·

617 929 757 989 “At
785 930 880 989 ille
908 929 1053 990 dixit
1080 928 1166 989 eis
1185 958 1247 977 ο-

617 1024 757 1101 quid
783 1024 958 1083 uultis
985 1022 1044 1083 fa

619 1119 772 1176 ciam
798 1118 970 1177 uobis
989 1148 1004 1165 ·

615 1212 662 1245 ⁸⁷
676 1211 778 1288 qui
804 1210 1074 1271 dixerunt

618 1305 696 1365 da
723 1306 898 1364 nobis
917 1335 932 1352 ·
993 1314 1060 1363 ut
1086 1322 1128 1364 u

613 1416 726 1459 nus
740 1398 831 1479 ‚ad
858 1398 1057 1459 dextra

615 1503 776 1553 tuam
831 1501 890 1551 et
910 1491 1054 1556 alius

614 1587 692 1646 ad
721 1586 1008 1647 sini-tram

615 1679 923 1740 sedeamus
952 1680 1014 1738 in

614 1774 796 1851 gloria
823 1784 924 1833 tua
953 1805 968 1820 ·
1011 1772 1054 1809 ⁸⁸
1071 1773 1152 1832 At

616 1868 706 1928 ihs
730 1866 1093 1944 respondens

614 1961 759 2021 dixit
785 1961 894 2020 illis
913 1990 928 2007 ·
971 1977 1050 2021 ne

613 2054 772 2114 scitis
797 2054 940 2131 quid
967 2072 1045 2131 pe

613 2149 748 2209 tatis
769 2179 784 2195 ·
849 2147 1096 2207 Potestis

613 2242 810 2302 bibere
838 2242 1070 2301 calice*

613 2352 791 2414 quem
811 2353 924 2412 ego
945 2333 1066 2395 bibi

612 2440 772 2490 turus
799 2446 930 2489 sum
948 2460 963 2477 ·

609 2571 709 2621 aut
735 2562 1089 2638 baptismum

614 2655 774 2735 quod
802 2673 915 2733 ego
942 2656 1108 2733 bapti

611 2769 714 2810 zor
775 2751 1049 2828 baptizari
1069 2781 1084 2798 ·

612 2843 658 2878 ⁸⁹
676 2843 757 2903 At
783 2844 862 2903 illi
889 2842 1147 2904 dixerunt

609 2955 892 3016 posumus
909 2969 924 2985 ·

609 3033 710 3092 Ait
737 3032 848 3092 illis
867 3032 958 3092 ihs
977 3063 992 3080 ·
1057 3031 1186 3093 cali

608 3143 737 3186 cem
765 3126 1005 3204 quidem

605 3235 780 3297 quern
808 3237 924 3296 ego
952 3219 1088 3280 bibe

603 3332 672 3374 ro
699 3314 908 3374 bibetis
926 3344 942 3361 ·

603 3417 660 3468 et
687 3407 1044 3484 baptismum

603 3500 764 3579 quod
789 3518 905 3577 ego
933 3498 1096 3577 bapti

602 3611 704 3654 zor
761 3593 1074 3672 baptizami

603 3687 696 3746 ni·
741 3687 788 3722 ⁴⁰
803 3687 1005 3748 sedere
1032 3705 1108 3748 au

601 3790 720 3841 tem
749 3781 826 3841 ad
860 3781 1112 3842 dextra-

599 3892 796 3936 meam
819 3906 834 3924 ·
896 3874 993 3936 uel
1019 3873 1095 3935 ad

602 3969 892 4029 sinistram
911 3999 927 4016 ·
988 3985 1108 4028 non

598 4073 687 4122 est
713 4080 913 4124 meum
940 4061 1076 4122 dare

599 4156 702 4216 sed
731 4157 946 4235 quibus
973 4174 1052 4233 pa

597 4260 788 4309 ratum
814 4259 902 4310 est
919 4281 935 4296 ·

595 4341 640 4377 ⁴²
659 4343 800 4416 Quo
827 4343 1024 4404 audito
1053 4351 1180 4406 cete

596 4438 642 4495 ri
670 4437 878 4498 decem
910 4437 1076 4514 indig

1949 378 2219 441 MARC
2242 416 2255 431 ·
2292 411 2305 426 ·

1373 554 1494 613 nati
1523 563 1660 615 sunt
1715 553 1790 613 de
1819 554 1876 615 ia

1373 649 1528 709 eobo
1555 657 1614 709 et
1639 647 1898 707 iohanne

1371 740 1418 777 ⁴²
1441 741 1540 801 Ihs
1569 750 1766 801 autem
1793 759 1994 802 conuo

1371 836 1516 896 catis
1542 835 1650 894 inis
1712 835 1850 895 dicit

1327 940 1339 945 ’
1370 929 1454 988 eis
1474 960 1488 976 ·
1551 928 1722 989 Scitis
1750 927 1912 1008 quod

1369 1022 1430 1081 hi
1459 1023 1558 1101 qui
1583 1022 1854 1083 uidentur

1369 1116 1682 1195 principari
1710 1134 1828 1193 gen

1370 1211 1524 1270 tibus
1586 1209 1870 1271 dominari

1368 1312 1461 1363 tur
1486 1322 1692 1363 eorum
1714 1334 1729 1353 ·
1789 1302 1867 1362 Et

1369 1397 1620 1457 maiores
1646 1412 1852 1456 eorum

1367 1500 1716 1567 potestatem
1744 1490 1844 1550 illo

1365 1602 1496 1642 rum
1523 1584 1744 1643 habent
1768 1614 1783 1632 ·

1364 1676 1571 1737 ⁴⁸Non
1599 1678 1679 1738 ita
1705 1678 1814 1738 erit
1839 1676 1900 1737 in
1927 1694 2008 1737 uo

1366 1772 1454 1831 bis
1473 1802 1487 1819 ·
1551 1770 1668 1830 Sed
1695 1771 1796 1849 qui

1365 1882 1618 1943 cumque
1646 1865 1822 1925 uolue

1365 1959 1436 2018 rit
1497 1959 1684 2019 maior
1711 1976 1842 2020 esse

1363 2053 1426 2111 in
1451 2053 1624 2114 uobis
1685 2052 1792 2113 erit

1362 2155 1556 2205 uester
1583 2146 1844 2205 minister

1361 2240 1408 2273 ⁴⁸
1424 2236 1502 2298 Et
1534 2240 1923 2317 quicumquae

1360 2333 1604 2393 uoluerit
1633 2333 1694 2391 in
1720 2350 1801 2392 uo
1957 2334 1962 2339 ’

1362 2428 1450 2487 bis
1478 2428 1702 2505 primus
1729 2444 1860 2487 esse

1361 2561 1468 2620 erit
1495 2561 1762 2620 omnium
1789 2578 1882 2620 ser

1362 2672 1472 2714 uus
1492 2685 1508 2702 ·
1551 2655 1596 2688 ⁴⁸
1611 2653 1770 2713 Nam
1797 2664 1858 2712 et
1884 2653 1964 2712 fili

1361 2765 1431 2808 us
1458 2748 1712 2808 hominis
1739 2765 1864 2808 non

1361 2843 1521 2903 uenit
1546 2842 1856 2901 ministrari

1362 2937 1467 2997 sed
1493 2935 1818 2996 ministrare

1358 3040 1418 3090 et
1445 3030 1583 3089 dare
1611 3028 1868 3089 animam

1360 3141 1527 3183 suam
1553 3123 1838 3183 redemtio

1357 3236 1496 3277 nem
1525 3235 1636 3295 pro
1662 3215 1858 3276 multis
1875 3249 1960 3268 -·-

1457 3338 1539 3363 m
1618 3337 1701 3366 κ’,
1782 3335 1865 3364 ὦ

1583 3403 1646 3454 de
1675 3417 1795 3454 ceco

1305 3484 1336 3520 *
1353 3484 1397 3518 ⁴⁶
1412 3483 1489 3543 Et
1518 3485 1758 3544 ueniunt
1785 3483 1842 3542 in
1872 3481 1934 3542 hi

1306 3575 1337 3612 *
1353 3579 1528 3638 ierico
1549 3609 1564 3628 ·
1630 3587 1688 3638 et
1713 3579 1862 3656 profi

1306 3669 1337 3706 *
1355 3672 1594 3733 ciscenti
1621 3690 1696 3732 eo
1725 3672 1862 3734 inde

1353 3783 1490 3826 cum
1522 3765 1817 3843 discipulis

1352 3859 1470 3919 suis
1489 3890 1504 3905 ·
1562 3869 1622 3919 et
1641 3860 1808 3919 turba

1350 3950 1596 4030 plurima
1618 3985 1633 4000 ·
1695 3953 1844 4014 filius

1350 4047 1558 4106 timeae
1579 4047 1844 4107 baritime

1349 4157 1416 4200 as
1445 4158 1656 4200 caecus
1681 4172 1694 4188 -
1757 4139 1908 4202 Sede

1348 4235 1449 4293 bat
1477 4252 1644 4294 secus
1672 4233 1830 4296 uiam

1347 4328 1690 4387 mendicans
1714 4359 1729 4376 ·

1346 4419 1392 4455 ⁴²
1410 4420 1487 4480 Et
1513 4420 1756 4482 audiens
1783 4422 1920 4500 quia

1350 4514 1438 4575 ihs
1467 4526 1784 4576 nazorenus
1811 4527 1900 4577 est

2179 554 2373 632 coepit
2400 552 2656 615 clamare

2178 658 2239 710 et
2260 649 2455 709 dicere
2479 680 2494 697 ·
2555 648 2636 707 fili

2178 743 2355 802 dauid
2384 744 2483 803 ihu
2511 744 2661 803 mise

2176 855 2303 896 rere
2338 838 2486 897 mei·
2532 838 2576 871 ⁴⁸
2592 847 2652 899 et
2677 836 2740 897 in

2177 932 2496 1007 crepabant
2522 949 2657 990 eum

2175 1024 2341 1085 multi
2368 1034 2431 1084 ut
2458 1034 2675 1085 taceret

2174 1116 2258 1180 At
2284 1116 2378 1176 ille
2406 1118 2590 1178 multo
2620 1136 2719 1179 ma

2173 1211 2266 1289 gis
2286 1211 2577 1272 clamabat

2175 1304 2255 1363 fili
2282 1304 2459 1364 dauid

2173 1398 2448 1460 miserere
2476 1399 2595 1459 mei

2171 1492 2218 1527 ⁴⁹
2238 1492 2316 1552 Et
2344 1501 2505 1553 stans
2534 1493 2623 1553 ihs
2649 1493 2740 1554 ius

2173 1586 2246 1647 sit
2272 1604 2409 1647 eum
2436 1588 2633 1647 uocari
2653 1618 2669 1637 ·

2173 1678 2263 1741 Illi
2292 1690 2485 1739 autem
2516 1681 2647 1741 dixe

2171 1785 2306 1833 runt
2334 1792 2515 1833 caeco
2577 1774 2675 1833 ani

2171 1868 2442 1945 mequior
2468 1875 2598 1928 esto

2171 1978 2346 2038 surge
2372 1971 2547 2021 uocat
2574 1970 2632 2020 te
2652 1992 2667 2009 ·

2169 2054 2217 2087 ⁸⁰
2233 2055 2314 2114 At
2339 2054 2432 2113 ille
2461 2054 2705 2115 dimisso

2168 2148 2519 2208 uestimento
2544 2165 2653 2208 suo

2167 2240 2349 2306 exiliit
2410 2252 2467 2301 et
2494 2260 2568 2301 ue

2168 2337 2255 2394 nit
2283 2336 2359 2395 ad
2386 2336 2509 2395 inm
2567 2332 2610 2371 ‘¹
2630 2335 2707 2395 Et

2166 2430 2535 2508 respondens

2163 2561 2245 2621 illi
2273 2562 2362 2622 ihs
2396 2561 2541 2622 dixit

2167 2656 2306 2735 quid
2334 2658 2425 2716 uis
2452 2657 2557 2716 tibi
2584 2655 2696 2716 faci

2167 2768 2265 2811 am
2288 2782 2304 2798 ·
2364 2767 2575 2810 caecus
2602 2755 2735 2810 aute

2165 2843 2309 2904 dixit
2336 2845 2389 2904 ei
2408 2875 2425 2892 ·
2486 2844 2655 2903 rabbi

2162 2949 2230 2997 ut
2255 2939 2487 2999 uideam
2507 2969 2523 2986 ·
2565 2935 2611 2970 ⁶²
2627 2947 2685 2998 et
2712 2937 2803 3000 ihs

2165 3032 2311 3091 dixit
2370 3031 2524 3091 uade
2551 3031 2699 3092 fides

2162 3134 2263 3184 tua
2292 3137 2347 3186 te
2376 3125 2621 3186 saluauit
2640 3157 2656 3173 ·

2161 3219 2240 3278 Et
2268 3218 2578 3278 confestim
2604 3219 2752 3279 uidit

2159 3321 2219 3372 et
2246 3323 2475 3372 secutus
2502 3323 2592 3373 est
2617 3311 2715 3372 illu

2194 3405 2313 3456 Ificz
2363 3405 2594 3456 dominec
2614 3405 2667 3456 in
2690 3404 2830 3458 oliuo

2159 3484 2395 3544 inuia··
2441 3489 2526 3544 11.
2546 3483 2704 3550 ²†Et
2724 3503 2861 3546 cum

2157 3577 2654 3656 adpropinquaret

2156 3672 2550 3749 hierosolyma

2156 3775 2215 3825 et
2241 3764 2513 3844 bethfage
2541 3796 2556 3813 ·
2615 3763 2695 3826 Et

2153 3858 2431 3919 bethania
2488 3858 2565 3918 ad
2591 3875 2736 3918 mon

2153 3960 2275 4013 tem
2302 3953 2501 4012 oliueti
2520 3983 2534 4000 ·

2153 4046 2341 4106 mittet
2356 4047 2507 4106 duos
2534 4064 2610 4110 ex

2153 4140 2449 4218 discipulis
2471 4140 2590 4200 suis

2151 4231 2174 4265 ²
2195 4244 2254 4294 et
2281 4234 2359 4293 ait
2386 4233 2495 4293 illis
2518 4265 2532 4282 ·
2596 4233 2683 4296 Ite
2710 4234 2773 4295 in

2153 4326 2461 4387 castellum
2507 4328 2609 4405 qui

2153 4431 2241 4481 est
2268 4431 2473 4482 contra
2498 4439 2610 4486 uos
2632 4453 2647 4470 ·

2151 4527 2209 4576 et
2232 4516 2587 4576 introeuntes

3520 391 3637 458 127

2936 553 3133 615 statim
3160 552 3395 613 inuenie

2935 648 3007 707 tis
3069 647 3293 726 pullum
3314 648 3433 725 liga

2933 750 3059 801 tum
3120 760 3296 819 super
3322 746 3439 819 que

2933 852 3111 895 nemo
3141 834 3335 895 adhuc
3364 834 3443 895 ho

2932 930 3158 987 minum
3187 930 3338 989 sedit
3360 960 3440 975 --

2933 1021 3153 1082 Soluite
3180 1022 3341 1081 illurn
3369 1032 3429 1081 et

2931 1116 3202 1175 adducite
3226 1147 3240 1162 ·
3283 1115 3307 1149 ⁸
3323 1116 3401 1175 Et
3421 1116 3471 1176 si

2928 1210 3061 1285 quis
3088 1210 3261 1269 uobis
3289 1210 3425 1270 dixe

2926 1305 2999 1362 rit
3026 1302 3167 1380 quid
3196 1303 3310 1363 hoc
3340 1303 3453 1363 faci

2927 1397 2999 1456 tis
3019 1428 3034 1447 ·
3095 1396 3267 1456 dicite
3296 1398 3433 1474 quia

2927 1490 3050 1550 dfio
3078 1491 3371 1550 necessari

2926 1600 2997 1643 us
3025 1594 3114 1643 est
3137 1615 3151 1631 ·
3213 1593 3273 1643 et
3303 1584 3466 1644 conti

2925 1694 3049 1737 nuo
3078 1676 3241 1735 illum
3267 1678 3441 1737 remit

2925 1780 3006 1830 tet
3034 1769 3148 1830 huc
3170 1804 3183 1819 ·
3227 1770 3346 1830 ‘Et
3372 1772 3485 1831 abe

2924 1874 3095 1923 untes
3122 1864 3475 1925 inuenerunt

2926 1957 3152 2035 pullum
3180 1958 3423 2035 ligatum

2926 2061 3062 2111 ante
3092 2051 3331 2111 ianuam
3360 2052 3423 2112 fo

2924 2144 3003 2207 ris
3030 2145 3093 2204 in
3120 2146 3363 2204 transitu

2922 2248 2981 2298 et
3010 2239 3309 2299 soluerunt
3334 2246 3410 2299 eil
3428 2272 3443 2289 ·

2921 2331 2944 2365 ⁶
2962 2332 3037 2391 Et
3055 2332 3292 2410 quidam
3322 2333 3396 2393 de
3424 2333 3537 2393 illic

2920 2428 3205 2486 stantibus
3226 2427 3363 2486 dixe

2916 2568 3050 2617 runt
3078 2558 3187 2620 illis
3212 2591 3225 2606 ·
3286 2557 3430 2636 quid

2918 2651 3102 2711 facitis
3160 2651 3455 2714 soluentes

2916 2745 3141 2823 pullum
3160 2778 3173 2793 ·
3218 2747 3239 2780 ⁶
3256 2749 3337 2806 At
3363 2746 3404 2806 il

2914 2838 2953 2898 li
2982 2839 3253 2900 dixerunt
3278 2841 3365 2900 eis
3388 2876 3403 2894 .

2918 2931 3077 2992 Sicut
3105 2934 3329 2995 dixerat
3356 2935 3396 2995 il

2911 3027 2983 3087 lis
3012 3027 3102 3086 ihs
3160 3039 3221 3088 et
3248 3028 3436 3105 permi

2912 3131 3109 3182 serunt
3133 3121 3245 3182 illis
3263 3155 3371 3171 ·—-

2911 3215 2934 3249 '¹
2950 3215 3027 3274 Et
3052 3215 3381 3276 aduxerunt
3409 3216 3513 3294 pul

2909 3308 3033 3369 lum
3060 3310 3137 3369 ad
3164 3310 3288 3369 ihm
3311 3342 3325 3357 ·

2910 3403 2987 3462 Et
3014 3404 3393 3481 inposuerunt

2910 3498 3261 3558 uestimenta
3310 3507 3369 3558 et

2912 3593 3062 3651 sedit
3082 3610 3257 3669 super
3277 3597 3351 3651 eii

2909 3685 2931 3718 ⁸
2948 3683 3026 3745 Et
3053 3685 3221 3746 multi
3247 3686 3537 3747 uestimen

2908 3788 2968 3838 ta
2996 3797 3102 3838 sua
3130 3789 3322 3840 sterne

2907 3873 3053 3932 bant
3079 3873 3139 3932 in
3166 3873 3265 3933 uia
3287 3905 3301 3921 ·
3366 3873 3485 3934 Alii

2904 3977 3101 4026 autem
3128 3965 3367 4027 frondes

2905 4060 3193 4120 cedebant
3221 4061 3297 4120 de
3325 4080 3391 4121 ar

2904 4154 3141 4214 boribus
3198 4164 3258 4213 et
3284 4166 3403 4216 ster

2902 4249 3124 4306 nebant
3150 4247 3211 4305 in
3236 4246 3335 4306 uia
3357 4278 3371 4295 ·

2902 4341 2925 4375 ⁹
2941 4341 3019 4401 Et
3046 4340 3145 4418 qui
3172 4341 3475 4417 praeibant

2903 4443 2961 4496 et
2989 4434 3379 4512 sequebantur

3666 568 3792 619 1¹01.
3814 570 3938 619 10³.
