4373 5048
309 564 435 616 rol.
451 565 539 616 13.

579 385 665 432 VI.
687 381 874 448 4-28.]

578 565 828 626 mosyna
856 556 956 607 tua
983 549 1046 606 in

579 642 928 702 abscondito
953 667 969 682 ·
1027 641 1104 700 Et

579 745 743 814 pater
771 748 903 796 tuus
932 737 1034 814 qui

577 831 738 890 uidet
763 831 824 888 in
853 832 1075 890 abscon

581 925 702 984 dito
725 957 738 970 ·
802 925 928 1002 ipse
955 923 1060 984 red

581 1019 680 1079 det
706 1019 808 1078 tibi
838 1019 900 1077 in
927 1018 1088 1077 mani

579 1113 730 1174 sesto
756 1141 770 1155 ·
833 1113 946 1173 ‘Et
973 1131 1110 1172 cum
1139 1131 1178 1173 ο

579 1225 671 1266 ras
699 1225 824 1266 non
851 1207 962 1266 eris
991 1203 1136 1266 sicut

579 1299 916 1378 hypocritae
937 1327 950 1340 ·
1011 1301 1112 1377 qui

579 1404 780 1454 amant
808 1404 957 1454 stare
985 1395 1048 1452 in
1076 1413 1142 1471 sy

581 1489 830 1565 nagogis
909 1499 968 1548 et
995 1489 1055 1547 in
1083 1507 1162 1547 an

581 1582 731 1660 gulis
759 1583 1083 1660 platearum

581 1685 802 1736 stantes
829 1677 1070 1736 adorare
1095 1715 1108 1728 -

579 1781 643 1830 ut
671 1771 975 1830 uideantur
1002 1771 1078 1829 ab

580 1864 918 1925 hominibus
941 1891 954 1905 ·

580 1959 780 2018 Amen
802 1960 936 2019 dico
965 1959 1138 2018 uobis

578 2063 965 2131 perceperunt

582 2147 914 2207 mercedem
945 2165 1110 2207 suam
1135 2173 1146 2186 ·

580 2240 710 2299 ⁶Tu
738 2227 933 2301 autem
955 2259 1088 2300 cum
1111 2259 1245 2300 oras
1267 2267 1278 2282 ·

579 2335 728 2393 intra
754 2336 816 2394 in
844 2335 1113 2395 cubiculfi

581 2437 746 2486 tuum
773 2456 786 2469 ·
843 2428 924 2487 Et
950 2428 1198 2487 cludens

583 2562 797 2620 ostium
826 2571 990 2620 tuum
1013 2586 1026 2599 ·
1079 2578 1120 2620 o

582 2673 646 2713 ra
673 2663 900 2731 patrem
927 2665 1094 2714 tuum

583 2748 641 2806 in
670 2749 966 2808 absconso
989 2776 1004 2790 ·
1066 2758 1124 2808 et
1151 2766 1230 2825 pa

581 2852 667 2902 ter
695 2853 828 2902 tuus
856 2843 956 2919 qui
983 2842 1142 2902 uidet

578 2936 640 2995 in
669 2938 966 2997 absconso
1023 2936 1127 2995 red

580 3030 680 3090 det
707 3032 811 3090 tibi
838 3033 899 3089 in
925 3030 1172 3091 manifes

580 3134 644 3184 to
663 3156 676 3171 ·
733 3126 997 3184 'orantes
1026 3144 1102 3184 au

581 3228 700 3278 tem
729 3218 906 3278 nolite
935 3219 1118 3277 multu

580 3313 741 3391 loqui
807 3313 954 3373 sicut
982 3312 1195 3373 ethnici
1219 3338 1255 3375 ·,

1804 372 1940 434 MA
1958 360 2277 434 TTHE'IJ
2288 401 2303 418 ·

1333 546 1658 607 ¹⁰adueniat
1686 565 1792 624 reg

1333 659 1476 700 num
1507 652 1671 700 tuum
1751 641 1850 700 fiat

1331 736 1607 795 uoluntas
1633 747 1736 794 tua
1765 736 1813 794 si

1333 839 1432 888 cut
1461 831 1521 888 in
1549 830 1715 890 caelo
1743 839 1801 888 et
1829 829 1890 888 in

1331 933 1485 983 terra
1507 950 1520 964 ·
1583 925 1624 957 ¹¹
1634 942 1853 1000 panem

1330 1029 1596 1078 nostrum
1625 1017 1803 1078 cotidi

1330 1131 1511 1171 anum
1541 1111 1618 1171 da
1645 1113 1816 1172 nobis

1329 1205 1508 1265 hodie
1588 1205 1702 1266 ¹²et
1728 1205 1899 1264 remit

1330 1310 1390 1360 te
1417 1299 1587 1360 nobis
1617 1300 1812 1366 debita

1333 1403 1534 1454 nostra
1617 1395 1766 1453 sicut

1331 1497 1390 1548 et
1416 1506 1530 1547 nos
1559 1488 1898 1547 dimittimus

1333 1582 1693 1642 debitoribus
1722 1599 1833 1642 nos

1334 1677 1434 1735 tris
1458 1708 1471 1721 ·
1535 1675 1645 1734 ¹³et
1673 1693 1748 1734 ne
1777 1675 1920 1735 indu

1333 1788 1434 1830 cas
1463 1787 1573 1830 nos
1601 1770 1660 1826 in
1693 1778 1872 1828 temta

1336 1865 1588 1924 tionem·
1651 1863 1755 1922 sed
1781 1863 1898 1923 libe

1333 1975 1398 2016 ra
1425 1975 1536 2016 nos
1569 1976 1605 2016 a
1633 1957 1792 2017 malo

1333 2058 1477 2130 qfim
1505 2061 1669 2111 tuum
1697 2061 1785 2110 est

1331 2164 1581 2224 regnum
1610 2157 1775 2205 tuum
1805 2156 1862 2206 et
1883 2147 1974 2204 uir

1332 2250 1424 2300 tus
1453 2250 1510 2299 et
1537 2241 1722 2317 gloria
1749 2241 1811 2299 in

1331 2335 1528 2395 secula
1583 2353 1790 2393 amen·
1855 2332 1900 2367 ¹⁴
1915 2333 1977 2392 Si

1333 2430 1490 2488 enim
1518 2428 1845 2488 dimiseritis

1333 2562 1670 2621 hominibus
1697 2580 1810 2639 pec

1334 2665 1464 2715 cata
1492 2672 1697 2714 eorum
1721 2680 1734 2694 ·
1795 2655 1855 2714 di

1332 2750 1510 2809 mittet
1536 2750 1704 2809 uobis
1731 2759 1790 2808 et
1816 2757 1980 2825 pater

1333 2854 1524 2903 uester
1551 2844 1652 2920 qui
1680 2852 1769 2902 est
1794 2843 1856 2900 in

1335 2940 1508 2998 celis·
1571 2938 1616 2971 ¹⁵
1628 2937 1689 2996 Si
1718 2946 1914 2997 autem

1334 3050 1458 3092 non
1485 3032 1743 3091 remiseri

1333 3128 1406 3187 tis
1432 3126 1768 3185 hominibus

1333 3230 1582 3299 peccata
1607 3238 1814 3279 eorum
1837 3248 1850 3261 ·

1335 3334 1446 3375 nec
1475 3325 1640 3393 pater
1664 3324 1856 3373 uester

580 3418 787 3485 putant
813 3408 970 3467 enim
1000 3406 1160 3484 quod
1250 3406 1281 3440 *
1333 3410 1585 3469 remittet
1604 3409 1776 3469 uobis

579 3500 641 3560 in
674 3501 1037 3579 multiloquio
1065 3520 1171 3562 suo
1226 3486 1308 3539 ¹¹²0
1333 3514 1578 3581 peccata
1599 3514 1794 3563 uestra
1819 3534 1830 3547 ·
1855 3528 1938 3588 :a

581 3601 966 3660 exaudiuntur
989 3633 1002 3647 ·

1336 3623 1722 3653 ‘wsb

582 3694 811 3754 ‘Nolite
829 3712 972 3771 ergo
990 3694 1241 3755 similare
1281 3688 1311 3722 *
1336 3689 1381 3726 ¹⁶
1391 3692 1544 3751 Cum
1573 3701 1767 3750 autem
1796 3691 1912 3749 ieiu

580 3807 720 3849 eos·
782 3790 891 3848 scit
918 3790 1076 3848 enim
1104 3807 1184 3864 pa

580 3894 666 3942 ter
691 3891 885 3942 uester
911 3881 1049 3960 quid
1077 3899 1156 3941 uo

579 3978 670 4037 bis
697 3994 847 4054 opus
876 3977 945 4035 sit
972 3985 1107 4034 ante

580 4090 760 4149 quam
788 4070 996 4147 petatis
1023 4088 1158 4129 eum
1177 4094 1192 4112 ·

580 4165 696 4225 ’sic
726 4182 869 4241 ergo
899 4174 1060 4223 orate
1087 4181 1200 4223 uos
1221 4200 1236 4213 ·

578 4256 750 4319 Pater
777 4267 975 4316 noster
1005 4259 1117 4317 nos

575 4347 664 4411 tei·
692 4353 791 4431 qui
819 4353 880 4411 in
909 4353 1082 4412 caelis
1110 4370 1174 4412 es
1193 4380 1207 4395 ·

579 4453 864 4511 scificetur
893 4470 1114 4511 nomen

1011 4554 1152 4603 tun*

1286 3784 1314 3817 *
1335 3786 1485 3844 natis
1509 3812 1524 3825 ·
1588 3785 1768 3843 nolite
1799 3785 1837 3843 fi

1284 3877 1314 3910 *
1338 3880 1418 3938 eri
1446 3880 1591 3938 sicut
1624 3877 1783 3955 hypo

1284 3972 1313 4007 *¹
1339 3974 1513 4033 critae
1540 3974 1728 4031 tristes
1747 3998 1759 4011 ·

1329 4065 1738 4125 Exterminant
1764 4072 1858 4125 eni

1331 4159 1507 4220 facies
1536 4178 1670 4219 suas
1698 4171 1763 4219 ut

1331 4263 1573 4331 pareant
1603 4252 1828 4313 homini

1329 4350 1440 4407 bus
1473 4349 1794 4408 ieiunantes
1819 4374 1832 4387 -

1328 4442 1524 4501 Amen
1554 4442 1686 4502 dico
1713 4443 1882 4502 uobis

2139 544 2387 606 Habent
2414 563 2611 606 merce

2137 639 2275 698 dem
2305 658 2473 699 suam
2494 665 2507 678 ·
2567 639 2611 672 ¹⁷
2624 638 2723 699 Tu

2139 743 2337 792 autem
2367 753 2503 794 cum
2532 733 2645 793 ieiu
2738 735 2744 740 “

2137 847 2247 887 nas
2322 847 2523 906 ungue
2554 847 2627 888 ca

2136 932 2243 1000 put
2264 933 2425 982 tuum
2453 933 2511 983 et
2539 923 2597 982 fa

2136 1017 2290 1076 ciem
2312 1027 2471 1076 tuam
2498 1017 2632 1076 laua
2657 1044 2669 1056 ·

2135 1107 2180 1144 ¹⁸
2192 1130 2267 1170 ne
2296 1129 2502 1188 pareas
2529 1111 2693 1171 homi

2137 1206 2309 1264 nibus
2338 1205 2603 1265 ieiunans
2627 1232 2641 1247 ·

2138 1299 2257 1358 Sed
2284 1299 2432 1376 patri
2461 1309 2563 1358 tuo
2594 1299 2695 1377 qui

2135 1403 2225 1452 est
2252 1393 2313 1449 in
2342 1392 2687 1453 abscondito
2712 1428 2726 1442 ·

2135 1487 2213 1546 Et
2240 1495 2405 1564 pater
2430 1495 2562 1545 tuus
2590 1486 2688 1564 qui

2135 1580 2296 1640 uidet
2323 1580 2385 1637 in
2414 1579 2702 1638 abscondi

2137 1683 2201 1732 to
2224 1672 2429 1733 reddet
2455 1673 2557 1732 tibi
2578 1699 2591 1714 ·

2137 1767 2180 1800 ¹⁹
2192 1765 2390 1826 Nolite
2420 1765 2712 1826 thensauri

2137 1879 2270 1920 zare
2299 1861 2471 1920 uobis
2495 1893 2508 1907 ·
2579 1859 2752 1920 thens

2139 1973 2311 2015 auros
2339 1956 2399 2014 in
2427 1964 2579 2014 terra
2601 1981 2613 1994 ·

2137 2049 2239 2109 ubi
2266 2068 2449 2126 erugo
2479 2058 2537 2108 et
2563 2049 2718 2109 tinea

2138 2156 2198 2205 et
2225 2153 2553 2204 comestura
2580 2161 2654 2202 ex

2138 2240 2409 2299 terminat
2427 2266 2440 2279 ·
2501 2237 2578 2296 Et
2604 2239 2703 2296 ubi

2139 2334 2293 2394 fures
2314 2333 2598 2394 effodiunt

2137 2439 2197 2489 et
2224 2428 2483 2488 furantur
2499 2455 2513 2469 ·

2139 2560 2653 2621 ”Thensaurizate
2682 2580 2759 2620 au

2139 2666 2261 2715 tem
2288 2656 2459 2714 uobis
2530 2654 2701 2714 thens

2140 2767 2317 2809 auros
2344 2750 2405 2808 in
2434 2749 2635 2810 caelo·
2702 2751 2801 2810 ubi

2140 2862 2333 2921 neque
2362 2863 2545 2921 erugo
2564 2873 2577 2886 ·
2636 2864 2714 2905 ne

2141 2956 2258 3015 que
2286 2938 2440 2996 tinea
2463 2964 2476 2979 ·
2541 2956 2733 3016 neque

2141 3042 2469 3092 comestura
2496 3041 2659 3091 exter

2141 3125 2325 3185 minat
2344 3152 2357 3167 ·
2416 3135 2476 3185 et
2501 3127 2602 3186 ubi
2631 3126 2693 3185 fu

2140 3238 2233 3279 res
2263 3238 2387 3280 non
2414 3220 2702 3281 effodiunt

2139 3324 2197 3372 et
2225 3314 2481 3373 furantur
2500 3341 2513 3353 ·

2138 3404 2314 3468 ²¹Ubi
2344 3409 2502 3466 enim
2531 3408 2701 3468 suerit

2137 3501 2480 3561 thensaurus
2508 3510 2641 3561 tuus

2139 3594 2218 3652 ibi
2244 3596 2353 3654 erit
2378 3604 2437 3654 et
2463 3612 2566 3654 cor
2594 3606 2755 3654 mu*-
2792 3629 2804 3642 -

2138 3688 2184 3721 ²²
2196 3687 2465 3747 Lucerna
2498 3689 2761 3765 corporis

2138 3782 2220 3841 tui
2247 3792 2334 3841 est
2362 3782 2562 3842 oculus
2591 3794 2721 3843 tuus
2741 3810 2753 3823 ·
2772 3816 2817 3829 -

2142 3875 2203 3934 Si
2233 3876 2436 3935 oculus
2463 3884 2595 3935 tuus
2623 3877 2733 3935 sim

2138 3969 2277 4047 plex
2306 3969 2472 4029 fuerit
2496 3995 2509 4009 ·
2573 3976 2697 4030 totfl

2140 4082 2355 4141 corpus
2382 4072 2545 4122 tuum
2576 4064 2634 4122 lu

2136 4157 2335 4217 cidum
2364 4158 2468 4216 erit
2492 4185 2503 4198 ·
2531 4185 2544 4198 ·
2604 4154 2721 4218 ”Si
2748 4177 2823 4217 au

2136 4262 2257 4309 tem
2286 4252 2491 4311 oculus
2518 4262 2649 4310 tuus

2136 4363 2395 4421 nequam
2425 4344 2591 4404 fuerit
2620 4371 2634 4385 ·

2135 4438 2359 4499 Totum
2386 4458 2597 4517 corpus
2624 4445 2727 4499 tufi

3552 385 3588 451 7

2890 547 3265 607 tenebrosum
3292 547 3433 605 erit·

2892 643 2955 700 Si
2983 660 3126 718 ergo
3154 639 3355 700 lumen
3385 639 3539 717 qu⁰d

2890 735 2952 794 in
2980 744 3035 794 te
3064 745 3153 795 est
3182 737 3419 794 tenebre
3510 757 3517 766 ·

2892 839 3028 888 sunt
3046 854 3059 868 ·
3119 829 3246 906 ipse
3274 839 3409 888 tene

2889 923 2994 981 bre
3023 931 3238 1000 quante
3268 931 3403 982 sunt
3426 953 3439 966 ·

2887 1017 2934 1050 ²⁴
2944 1014 3139 1076 Nemo
3166 1024 3359 1093 potest
3388 1015 3508 1076 duo

2887 1111 2999 1169 bus
3026 1111 3279 1169 dominis
3301 1127 3395 1170 ser

2888 1205 3010 1263 uire
3033 1230 3047 1243 ·
3112 1203 3233 1262 Aut
3260 1204 3419 1264 enim

2888 1316 3071 1357 unum
3099 1298 3255 1357 odiet
3332 1306 3393 1357 et

2890 1393 3133 1453 alterum
3161 1392 3380 1451 amabit
3400 1418 3415 1432 ·

2890 1488 3011 1545 Aut
3037 1503 3220 1544 unum
3249 1486 3403 1562 patie

2888 1587 2981 1637 tur
3058 1588 3117 1638 et
3146 1579 3388 1638 alterum

2890 1682 3227 1733 contemnet
3249 1704 3262 1718 ·
3322 1690 3447 1732 non

2890 1766 3128 1844 potestis
3157 1767 3236 1826 do
3266 1785 3360 1826 ser

2887 1861 3010 1920 uire
3038 1869 3095 1919 et
3123 1878 3387 1920 mammo

2890 1973 2965 2014 ne
2985 1983 2998 1995 ·
3058 1954 3262 2014 ²⁶1deo
3293 1954 3427 2014 dico

2888 2049 3056 2109 uobis
3135 2067 3211 2108 ne
3238 2049 3432 2126 cogite

2890 2143 2963 2203 tis
2991 2144 3053 2202 in
3082 2142 3260 2202 corde
3287 2161 3395 2202 ues

2890 2249 2980 2297 tro
3056 2236 3198 2314 quid
3226 2237 3447 2296 mandu

2891 2332 3033 2391 cetis
3056 2361 3069 2376 ·
3134 2341 3232 2390 aut
3260 2331 3403 2408 quid

2890 2425 3102 2484 bibatis
3125 2450 3138 2465 ·
3192 2441 3384 2500 neque

2895 2558 3126 2636 corpori
3154 2568 3352 2618 uestro
3371 2582 3384 2597 ·

2895 2650 3035 2729 quid
3061 2651 3310 2711 induatis
3329 2677 3342 2691 ·
3393 2668 3519 2710 non

2894 2764 2971 2803 ne
3001 2746 3195 2804 anima
3223 2745 3401 2822 pluris

2894 2851 2985 2900 est
3011 2858 3188 2917 quam
3216 2858 3353 2899 esca
3374 2865 3389 2880 ·

2894 2944 2953 2995 et
2980 2924 3195 3011 corpus
3222 2952 3403 3011 quam

2892 3029 3270 3087 uestimenta·

2893 3124 2939 3157 ²⁶
2947 3122 3242 3198 Respicite
3270 3122 3489 3183 uolatili

2892 3236 2929 3276 a
2956 3217 3101 3277 caeli
3124 3244 3137 3257 ·
3198 3224 3341 3293 qiim
3370 3235 3493 3278 non

2892 3320 3091 3371 serunt
3145 3330 3337 3389 neque

2891 3418 3117 3466 metunt
3140 3436 3152 3451 ·
3218 3424 3413 3482 neque

2891 3509 3254 3577 congregant
3279 3501 3341 3559 in

2892 3594 3103 3653 horreo
3124 3621 3137 3634 ·
3198 3593 3276 3652 Et
3303 3602 3468 3670 pater

2891 3699 3085 3748 uester
3105 3688 3371 3749 caelestis

2893 3782 2991 3842 alit
3018 3781 3142 3841 illas
3166 3814 3179 3827 ·
3240 3799 3439 3841 nonne

2892 3876 3082 3954 magis
3108 3894 3218 3935 uos
3245 3876 3427 3953 plun’s

2892 3972 3031 4031 estis
3057 3971 3164 4029 illis
3187 3998 3199 4012 ·
3264 3972 3309 4005 ²⁷
3319 3969 3468 4043 Quis

2890 4076 3085 4125 autem
3116 4084 3189 4123 ex
3218 4066 3387 4126 uobis
3414 4083 3489 4125 co

2890 4159 3131 4237 gitando
3159 4168 3353 4235 potest

2890 4254 3119 4314 adicere
3137 4280 3150 4293 ·
3211 4251 3288 4311 ad
3316 4261 3469 4311 statu

2888 4366 3017 4407 ram
3046 4365 3209 4407 suam
3238 4348 3434 4406 cubitii

2892 4459 3105 4502 unum·
3165 4440 3296 4501 2ιίΕ1;
3322 4440 3399 4500 de
3426 4440 3569 4500 indu

3618 559 3740 609 1¹01.
3763 561 3849 612 14.
