4373 5048
3350 346 3463 408 161

1023 824 1824 909 FRAGMENTU
1841 827 1932 908 M
2028 827 2111 909 U
2131 827 2263 909 IN
2281 826 3065 911 DOBONENSE
3100 824 3209 934 (v)

971 1005 1685 1082 EUANGELII
1786 1007 2487 1083 SECUNDUM
2572 1008 3269 1105 JOHANNEM

1656 1175 1824 1241 CAP.
1861 1177 2057 1240 x1x.
2095 1177 2461 1258 27-xx.
2500 1195 2595 1241 11.

879 1375 967 1438 IN
1010 1376 1421 1443 Bibliotheca
1466 1378 1732 1461 publica
1766 1380 2268 1445 Uindobonensi
2299 1376 2502 1465 (Hos-
2537 1378 2680 1442 und
2714 1374 3334 1465 stadt-Bibliothek)
3384 1378 3472 1444 ad

769 1480 1026 1543 initium
1071 1481 1316 1546 codicis
1361 1482 1584 1547 Latini
1625 1495 1773 1562 502,
1806 1503 1978 1548 saec.
2003 1497 2109 1557 IX,
2141 1485 2244 1549 cui
2290 1483 2521 1547 titulus
2545 1486 2561 1515 ‘
2584 1484 2825 1548 Pactus
2867 1483 3033 1567 legis
3080 1479 3472 1565 Ripuariae,’

765 1583 997 1647 folium
1036 1584 1165 1650 hoc
1195 1586 1510 1652 uersionis
1551 1586 2307 1669 ante-Hieronymianae
2348 1588 2710 1670 repositum
2751 1597 2870 1651 est.
2962 1587 3259 1651 Litterae
3301 1587 3474 1670 frag-

769 1688 974 1751 menti
1026 1688 1269 1753 saeculi
1313 1703 1421 1753 VII
1469 1691 1750 1755 ineuntis
1800 1692 2120 1771 uidentur,
2162 1692 2465 1775 quamuis
2510 1693 2576 1755 in
2629 1689 2939 1775 catalogo
2980 1691 3244 1756 saeculo
3296 1710 3474 1755 nono

767 1792 1110 1856 tribuatur.

857 1896 1120 1961 Folium
1155 1919 1242 1961 ex
1282 1900 1666 1965 membrana
1695 1900 1868 1965 binis
1912 1898 2253 1977 columnis,
2284 1898 2470 1963 lineis
2518 1900 2583 1963 in
2628 1919 3019 1981 unaquaque
3056 1896 3345 1982 triginta,
3386 1899 3472 1963 ad

768 2017 1071 2061 normam
1120 2000 1457 2075 ordinatiS,
1504 2000 1822 2083 scriptum
1869 2009 1988 2063 est.
2079 2000 2377 2064 Litterae
2421 1998 2757 2064 breuiores
2800 2009 2952 2063 sunt
2999 2007 3067 2063 et
3111 1997 3471 2073 crassiores,

764 2120 896 2164 non
941 2112 1162 2165 tamen
1208 2122 1464 2168 crassae
1509 2124 1628 2169 nec
1672 2114 1913 2187 turpes,
1943 2125 2224 2189 quarum
2271 2104 2334 2167 in
2376 2104 2589 2187 prima
2630 2102 2873 2186 pagina
2913 2102 3186 2167 umbrae
3214 2110 3475 2165 tantum

770 2214 1035 2282 restant,
1067 2207 1236 2270 adeo
1269 2216 1710 2273 atramentum
1754 2209 1887 2273 fere
1927 2218 2146 2273 totum
2192 2209 2457 2272 interiit.
2551 2207 2629 2271 In
2659 2207 2868 2273 altera
2898 2226 3029 2271 non
3060 2206 3199 2270 sine
3232 2226 3475 2289 magna

768 2329 922 2374 cura
963 2308 1094 2393 legi
1135 2321 1428 2393 possunt.
1522 2313 1822 2377 Dextera
1864 2322 2056 2396 parte
2092 2312 2322 2376 folium
2353 2321 2734 2376 truncatum
2765 2320 2904 2389 est3
2951 2312 3129 2392 quod
3174 2320 3475 2393 superest

767 2406 874 2473 hic
919 2406 1051 2474 illic
1095 2409 1401 2474 mutilum
1440 2422 1558 2491 est,
1595 2412 1805 2477 altum
1836 2412 2257 2477 centimetros
2285 2423 2451 2495 235,
2472 2410 2681 2475 latum
2713 2410 3009 2475 maxima
3038 2408 3475 2493 amplitudine

774 2511 919 2593 16.5
991 2523 1057 2578 et
1129 2514 1404 2580 minima
1481 2528 1644 2597 15.4.
1757 2516 2253 2601 Exscripsimus
2311 2535 2573 2580 summa
2631 2535 2785 2580 cum
2843 2513 3183 2597 diligentia
3240 2513 3474 2578 diebus

772 2617 1080 2682 Octobris
1114 2633 1318 2696 xxw,
1351 2633 1524 2698 xxv,
1557 2634 1700 2684 A.D.
1738 2620 1926 2703 1887.

857 2721 1207 2786 Lectiones
1248 2744 1381 2787 non
1418 2745 1678 2808 semper
1709 2726 2112 2790 concordant
2143 2742 2293 2787 cum
2330 2722 2669 2788 codicibus
2714 2721 2887 2786 notis
2917 2730 3077 2785 uett.
3111 2721 3255 2785 latt.
3288 2720 3400 2785 ubi
3433 2742 3473 2785 a

771 2825 1042 2906 uulgata
1072 2826 1597 2910 Hieronymiana
1621 2829 2012 2912 discrepant.
2078 2825 2396 2911 Exempli
2420 2826 2637 2911 gratia
2665 2825 2945 2910 legimus
2980 2825 3122 2889 xix.
3151 2840 3230 2906 27
3253 2825 3325 2889 in
3350 2845 3475 2889 sua

753 2937 1138 3012 potestatem
1183 2927 1299 3016 (εἰς
1343 2934 1418 2994 τὰ
1461 2933 1602 3008 ἴδια,
1631 2954 1841 2997 secum
1879 2954 1959 3009 e;
2004 2933 2074 2996 in
2109 2953 2234 2996 sua
2277 2952 2334 3008 a,
2366 2932 2429 3006 b,
2462 2930 2504 3003 f,
2536 2929 2602 3007 ff,
2632 2949 2697 3013 q,
2732 2950 2862 3013 vg3
2912 2950 3035 3004 om.
3068 2924 3148 3015 c).
3237 2926 3339 2991 Ib.
3388 2946 3469 3012 29

753 3035 996 3116 pertice
1053 3028 1226 3120 (-ae)¹
1269 3036 1824 3118 circumponentes,
1891 3056 2040 3102 cum
2103 3035 2162 3099 ff
2219 3035 2406 3112 solo;
2475 3034 2559 3098 ib.
2634 3051 2723 3118 34
2786 3031 2959 3098 latus
3019 3032 3157 3097 eius
3202 3034 3480 3116 pepugit

765 3133 1087 3220 (pupugit,
1132 3135 1206 3224 b)
1257 3159 1343 3203 ex
1388 3160 1626 3223 graeco
1675 3138 1850 3220 ἔνυξε
1907 3137 2016 3225 (cf.
2050 3140 2381 3221 percussit
2418 3159 2477 3215 a,
2515 3137 2581 3217 ff,
2611 3138 2939 3220 percussit
2978 3146 3046 3200 et
3069 3137 3370 3219 perfodit
3407 3157 3472 3220 q,

751 3241 1049 3325 perfodit
1080 3260 1133 3317 c,
1164 3243 1445 3307 inseruit
1470 3265 1549 3324 e;
1601 3256 1830 3310 contra
1858 3245 2127 3327 aperuit,
2159 3265 2249 3308 ex
2277 3242 2575 3307 itacismo
2606 3239 2829 3320 ἤνοιξε,
2859 3241 2902 3318 f,
2930 3237 3064 3328 vg).
3158 3241 3256 3305 Ib.
3288 3254 3371 3325 37
3404 3250 3475 3304 et

767 3345 1004 3409 iterum
1065 3366 1194 3411 om.
1254 3347 1396 3410 alia
1453 3350 1783 3431 scrzptura
1839 3349 2006 3413 dicit
2058 3348 2166 3412 vel
2227 3347 2459 3424 simile,
2519 3346 2703 3430 quod
2746 3345 2813 3409 in
2871 3345 3107 3409 ceteris
3172 3343 3471 3409 habetur.

769 3448 1079 3514 Ceterum
1127 3450 1560 3536 negligentius
1606 3454 1888 3536 scriptus
1934 3462 2033 3517 est
2070 3455 2306 3528 codex,
2354 3451 2587 3516 litteris
2634 3459 2701 3514 et
2747 3449 2965 3514 uerbis
3004 3449 3112 3514 hic
3162 3448 3295 3512 illic
3354 3469 3474 3532 per

767 3553 1080 3618 incuriam
1112 3556 1386 3640 perditis
1418 3552 1572 3643 (e.g.
1605 3558 1824 3623 inclito
1868 3579 1989 3642 pro
2035 3553 2390 3644 inclinato),
2420 3565 2490 3620 et
2531 3554 3009 3639 grammaticae
3053 3553 3293 3637 regulis
3336 3573 3471 3617 non

764 3657 1056 3722 seruatis

2876 3852 2897 3872 α
3015 3761 3077 3843 J.
3122 3759 3192 3825 s,

3020 3881 3107 3947 H.
3151 3882 3214 3964 J.
3246 3879 3354 3945 W.
