4373 5048
2117 496 2237 561 139

1501 1043 2106 1128 EDITORIS
2210 1044 2295 1127 Ν
2305 1045 2557 1129 OTU
2575 1045 2845 1129 LAE.

826 1304 946 1361 Fol.
977 1306 1028 1363 1.
1064 1306 1292 1363 Initium
1318 1307 1400 1363 5δί
1431 1291 1708 1380 euzingelii
1733 1324 1748 1339 ·
1776 1326 1872 1365 sec
1899 1322 1913 1336 ·
1937 1308 2227 1363 matheum
2254 1320 2271 1337 ·
2293 1309 2529 1379 scripsit
2561 1326 2634 1363 m.
2648 1312 2715 1380 p.
2788 1308 2862 1364 In
2897 1310 3017 1363 ima
3039 1310 3267 1381 pagina
3301 1306 3538 1378 scripsit

964 1389 1198 1461 aliquid
1212 1408 1419 1446 manus
1428 1394 1732 1464 posterior,
1757 1393 2049 1462 scriptura
2073 1398 2263 1446 autem
2287 1394 2543 1461 euanuit,
2572 1394 2660 1447 ita
2683 1398 2754 1447 ut
2774 1392 2932 1447 nihil
2951 1393 3073 1464 legi
3082 1392 3284 1463 possit.

825 1484 872 1538 F
875 1486 945 1540 ol.
974 1486 1025 1541 2.
1061 1487 1136 1541 In
1159 1489 1340 1558 capite
1349 1490 1607 1561 paginae
1627 1490 1906 1559 scriptum
1928 1492 2014 1543 est
2036 1505 2108 1544 m.
2137 1502 2169 1556 3
2208 1488 2349 1543 liber
2380 1487 2489 1543 iste
2524 1498 2612 1543 est
2646 1493 2741 1544 εἴτε
2775 1488 2953 1544 marie
2986 1492 3178 1559 siz'ique
3216 1483 3529 1542 corbiniani

962 1567 1232 1641 frisinge3
1273 1586 1320 1627 1.
1363 1572 1429 1627 16
1465 1590 1540 1643 qu
1577 1582 1773 1627 ocatur
1809 1589 1883 1627 m.
1895 1574 1959 1642 p.
1997 1570 2016 1626 i
2053 1588 2088 1626 o
2124 1574 2402 1642 superscr.
2440 1586 2583 1627 corr.
2612 1590 2686 1627 m.
2702 1574 2767 1643 p.
2862 1585 2943 1638 17.
2983 1574 3059 1627 Et
3095 1572 3171 1627 ad
3210 1569 3416 1626 dauid:
3453 1567 3529 1623 ad

965 1668 1036 1707 m.
1046 1656 1114 1724 p.
1152 1653 1192 1708 d
1227 1671 1266 1707 a
1302 1672 1448 1709 corr.
1484 1656 1664 1711 semi-.
1705 1672 1871 1710 erasa
1910 1660 2009 1709 est.
2113 1656 2176 1709 18
2212 1656 2247 1712 †
2293 1654 2521 1709 addidit
2556 1672 2630 1711 m.
2668 1670 2719 1722 2,
2758 1671 2903 1725 quae
2948 1657 3124 1710 etiam
3164 1657 3230 1710 in
3268 1654 3531 1724 margine

963 1734 1182 1791 initium
1211 1735 1221 1807 Ι
1253 1738 1360 1793 lect
1387 1738 1460 1794 de
1489 1738 1499 1809 Ι
1529 1738 1827 1795 natiuitate
1857 1737 1868 1809 Ι
1899 1738 1998 1793 dni
2023 1744 2093 1793 ut
2111 1738 2296 1792 udtur
2314 1738 2584 1809 scnpu‘t,·
2611 1741 2905 1811 scriptura
2915 1742 3101 1809 paene
3122 1755 3287 1792 erasa
3308 1743 3407 1791 est.

825 1830 945 1885 Fol.
971 1830 1024 1885 2.
1047 1832 1103 1887 b.
1130 1846 1192 1886 21
1215 1837 1352 1904 post
1371 1852 1565 1889 eorum
1589 1834 1817 1890 addidit
1840 1835 1874 1891 ·Ι·
1899 1851 1974 1889 m.
2000 1849 2050 1903 2,
2076 1834 2235 1905 quod
2234 1836 2419 1905 finem
2444 1832 2699 1889 lectionis
2707 1835 2867 1905 sorte
2888 1835 3189 1906 fignificat.

825 1926 948 1980 Fol.
976 1927 1024 1982 3.
1065 1928 1117 1983 2.
1148 1942 1194 1983 1.
1220 1930 1416 2001 Super
1433 1932 1578 1986 Cum
1596 1948 1731 2001 ergo
1755 1931 1987 2001 scripsit
2003 1947 2078 1985 m.
2098 1944 2131 1984 2
2155 1929 2215 1984 in
2236 1929 2328 1985 die
2352 1936 2451 1985 εὲο
2470 1930 2725 2001 epefanie
2754 1929 2764 2000 Ι
2794 1930 2960 1986 lectio
2986 1929 3185 2001 prima.
3233 1931 3278 1985 C
3297 1930 3363 1984 in
3382 1930 3528 1984 Cum

964 2010 1158 2065 littera
1203 2013 1474 2083 capitalis
1517 2020 1616 2083 est,
1661 2014 1849 2069 uariis
1895 2013 2172 2068 coloribus
2220 2012 2456 2085 depicta,
2491 2015 2556 2068 in
2603 2030 2720 2083 qua
2759 2016 3037 2085 scriptum
3080 2020 3165 2068 est
3200 2031 3237 2067 a
3272 2030 3353 2067 m.
3377 2016 3444 2083 p.
3471 2012 3529 2067 in

963 2094 1253 2151 natiuitate
1303 2096 1398 2152 dni
1445 2098 1535 2151 ita
1572 2104 1641 2152 ut
1677 2096 1814 2152 haec
1855 2098 2028 2151 uerba
2075 2097 2140 2152 in
2179 2097 2407 2151 litterae
2454 2097 2804 2152 decoratione
2847 2098 3135 2169 implicita
3182 2098 3317 2151 sint.
3389 2097 3531 2150 Post

931 2178 1334 2249 ·hierosolyma
1370 2181 1436 2235 in
1471 2182 1732 2252 margine
1769 2180 2048 2252 scriptum
2093 2186 2179 2234 est
2225 2184 2441 2235 salitam
2480 2198 2657 2235 manu
2700 2196 2733 2235 2
2771 2188 2841 2236 ut
2873 2182 3069 2249 udtur,
3107 2180 3213 2235 sed
3235 2180 3527 2250 scriptura

954 2263 1144 2331 paene
1166 2264 1422 2317 euanuit.
1495 2278 1528 2332 3
1553 2263 1864 2335 hierolyma
1887 2265 1974 2319 ita
2004 2263 2135 2319 Cod.

823 2357 942 2411 Fol.
979 2358 1030 2411 4.
1067 2372 1120 2427 9.
1170 2357 1298 2413 setit
1336 2361 1424 2413 ita
1465 2360 1514 2415 C
1511 2360 1598 2415 od.
1628 2364 1744 2431 pro
1783 2359 1946 2416 stetit.
2120 2373 2143 2413 1
2157 2374 2203 2413 1.
2254 2359 2487 2414 intrntes
2529 2376 2601 2414 m.
2641 2362 2725 2431 p.,
2769 2378 2805 2415 a
2842 2363 3117 2431 superscr.
3166 2375 3311 2414 corr.
3358 2368 3431 2413 m.
3459 2361 3527 2428 p.

969 2454 1052 2509 13.
1102 2441 1262 2496 Ante
1309 2443 1461 2497 Ecce
1500 2444 1751 2514 ponitur
1795 2444 1830 2500 Ἰ·
1878 2459 2056 2497 manu
2099 2457 2132 2497 2
2169 2442 2328 2512 quod
2352 2444 2535 2513 finem
2585 2448 2655 2498 ut
2701 2444 2883 2497 udtur
2928 2444 3181 2499 lectionis
3226 2441 3528 2513 significat.

963 2527 1226 2594 angelus:
1255 2531 1538 2597 punctum
1561 2531 1735 2599 super
1755 2545 1788 2583 e
1805 2528 2060 2598 positum
2081 2544 2112 2581 e
2136 2526 2303 2597 lapsu
2325 2527 2539 2581 calami
2556 2545 2670 2582 esse
2692 2529 2887 2582 udtur.

821 2621 868 2675 F
872 2621 944 2674 ol.
969 2621 1004 2674 4
1028 2622 1082 2676 b.
1129 2623 1204 2677 In
1228 2623 1410 2693 capite
1420 2627 1562 2696 pag.
1588 2626 1762 2694 super
1785 2625 1985 2694 Usque
2013 2639 2125 2694 quo
2154 2623 2325 2678 dica-
2354 2623 2588 2694 scripsit
2618 2624 2863 2678 seconda
2896 2624 3051 2678 natal
3078 2639 3155 2678 sc.
3191 2639 3265 2678 m.
3293 2636 3343 2689 2,
3382 2637 3528 2691 quae
3618 2673 3623 2680 .

960 2704 1096 2758 item
1121 2705 1155 2761 ·Ι·
1179 2706 1214 2762 Ἰ·
1224 2709 1364 2776 post
1383 2724 1557 2762 meu-
1578 2714 1636 2762 et
1655 2712 1787 2762 ante
1809 2708 1972 2762 Tunc
1996 2704 2237 2761 addidit.
2316 2718 2397 2776 15.
2434 2707 2549 2778 qud
2575 2723 2647 2762 m.
2663 2709 2731 2777 p.
2757 2724 2791 2761 o
2814 2710 3088 2777 superscr.
3115 2721 3259 2760 corr.
3284 2723 3358 2759 m.
3373 2708 3439 2775 p.

821 2800 868 2854 F
870 2799 941 2856 ol.
967 2801 1020 2856 5.
1072 2801 1155 2856 18.
1191 2819 1426 2872 prorans
1448 2804 1537 2856 ita
1563 2801 1695 2858 Cod.
1852 2817 1922 2872 23
1953 2803 2098 2856 Post
2120 2803 2396 2858 habitauit
2427 2801 2653 2858 addidit
2673 2802 2707 2858 ·Ι·
2732 2819 2806 2856 m.
2832 2819 2883 2872 2,
2890 2803 3077 2873 finem
3086 2803 3249 2873 sorte
3272 2800 3527 2856 lectionis

965 2890 1188 2938 notans.

823 2980 940 3035 Fol.
968 2981 1003 3034 5
1026 2981 1082 3034 b.
1109 2981 1159 3035 3.
1191 2995 1236 3035 1.
1285 2979 1371 3037 ilis
1396 2997 1470 3035 m.
1482 2985 1568 3052 p.,
1591 2983 1612 3036 1
1635 2985 1910 3053 superscr.
1933 2997 2079 3038 corr.
2107 2999 2178 3035 m.
2199 2985 2264 3052 p.

821 3077 868 3131 F
871 3075 940 3131 ol.
977 3075 1030 3130 6.
1083 3087 1110 3146 5
1137 3087 1194 3131 et
1217 3076 1304 3132 nis
1329 3095 1402 3132 m.
1417 3081 1501 3148 p.,
1527 3094 1623 3132 om
1645 3081 1920 3148 superscr.
1946 3095 2090 3132 corr.
2118 3095 2193 3133 m.
2206 3081 2272 3148 p.
2364 3090 2413 3143 7.
2439 3094 2472 3132 e
2496 3078 2561 3132 in
2594 3076 2879 3132 uenientes
2906 3077 3060 3148 (ante
3090 3075 3134 3146 t)
3163 3076 3448 3149 eapunm't
3470 3081 3529 3131 et

948 3159 1307 3230 perlineauit
1327 3177 1470 3216 corr.
1495 3178 1569 3216 m.
1582 3164 1647 3233 p.

820 3256 867 3310 F
869 3255 941 3312 ol.
965 3255 1001 3308 6
1024 3257 1080 3310 b.
1129 3256 1249 3326 lege
1274 3256 1331 3311 in
1354 3257 1760 3328 apparitionem
1797 3257 1894 3313 dni
1931 3276 1970 3312 a
2005 3274 2078 3312 m.
2091 3261 2156 3328 p.
2185 3258 2373 3311 uariis
2395 3255 2672 3311 coloribus
2698 3257 2975 3328 scriptum
3007 3261 3105 3311 est.
3200 3271 3283 3324 14.
3319 3266 3379 3312 tu
3402 3255 3525 3313 enis

959 3339 1048 3394 ita
1076 3339 1206 3395 Cod.
1346 3342 1490 3400 Post
1509 3359 1560 3396 v.
1592 3353 1675 3411 15.
1699 3342 1900 3396 amisit
1925 3340 2112 3396 Codex
2114 3339 2276 3412 solia
2299 3347 2368 3395 ut
2388 3339 2572 3394 udtur
2590 3339 2719 3394 duo.

822 3435 942 3490 Fol.
969 3435 1019 3488 7.
1047 3436 1094 3490 5.
1117 3450 1186 3573 gre
1225 3436 1259 3492 ·Ι·
1291 3443 1426 3491 ante
1454 3447 1809 3493 accesserunt
1841 3435 2070 3490 addidit
2098 3452 2174 3490 m.
2200 3450 2232 3490 2
2249 3437 2434 3507 finem
2453 3437 2615 3507 sorte
2651 3436 2903 3520 lectionis
2926 3443 3131 3491 notans
3166 3437 3329 3492 cuius
3349 3436 3532 3506 prior

947 3522 1096 3589 pars
1183 3523 1281 3574 est.

820 3615 940 3670 Fol.
967 3614 1002 3667 ‘7
1024 3614 1080 3668 b.
1105 3629 1165 3683 9.
1205 3614 1245 3668 fi
1270 3614 1330 3669 di
1353 3631 1428 3670 m.
1444 3618 1528 3687 p.,
1552 3615 1589 3671 li
1615 3619 1890 3688 superscr.
1915 3633 2059 3672 corr.
2085 3632 2159 3670 m.
2173 3619 2241 3686 p.
2335 3630 2414 3671 12.
2452 3621 2865 3687 qfimercestra:
2902 3617 2991 3670 ita
3026 3616 3224 3684 Codex,
3248 3617 3364 3686 pro
3388 3620 3523 3686 qfim

959 3714 1174 3753 merces
1199 3707 1398 3754 uestra.

821 3794 943 3848 Fol.
970 3793 1022 3847 8.
1074 3793 1138 3848 18
1165 3794 1436 3850 transibia
1460 3813 1534 3850 m.
1551 3800 1632 3867 p.,
1659 3805 1682 3850 t
1703 3799 1981 3867 superscr.
2006 3811 2147 3850 corr.
2174 3811 2245 3850 m.
2261 3798 2328 3865 p.
2394 3811 2399 3816 ·

817 3891 864 3945 F
867 3889 942 3944 ol.
984 3887 1020 3942 8
1057 3890 1110 3944 b.
1163 3903 1249 3944 20.
1297 3891 1667 3948 nontrabitis:
1725 3891 1812 3946 ita
1860 3892 2061 3959 Codex,
2097 3895 2215 3962 pro
2261 3908 2375 3945 non
2424 3890 2576 3946 intr-.
2661 3908 2862 3960 rgnum
2915 3907 2986 3944 m.
3025 3892 3111 3961 p.,
3169 3907 3201 3945 e
3248 3892 3524 3960 super-scr.

987 3987 1103 4027 orr.
1140 3989 1213 4025 m.
1291 4013 1305 4027 .

959 3988 1046 4121 ί24.
1084 4073 1209 4111 mus
1241 3975 1290 4042 p
1287 4058 1374 4110 ita
1403 4057 1530 4113 Cod.
1672 4059 1815 4112 Post
1838 4075 1890 4112 v.
1917 4069 1983 4128 25
2010 4059 2319 4128 perierunt
2338 4075 2412 4111 ex
2437 4056 2632 4112 Codice
2636 4056 2795 4128 folia
2818 4062 2888 4110 ut
2908 4057 3089 4112 udtur
3111 4057 3239 4110 duo.

817 4139 939 4195 Fol.
968 4137 1052 4193 13.
1101 4139 1152 4193 6.
1181 4150 1228 4209 5.
1255 4150 1378 4195 scut
1413 4158 1487 4195 m.
1500 4143 1585 4212 p.,
1625 4141 1642 4194 i
1678 4143 1950 4211 superscr.
1991 4157 2136 4197 corr.
2179 4159 2254 4197 m.
2284 4144 2351 4212 p.
2438 4141 2513 4195 In
2553 4142 2737 4211 capite
2762 4143 3020 4212 paginae
3052 4141 3282 4210 sempsit
3313 4137 3527 4194 calami

955 4223 1400 4291 eaperimentum
1434 4240 1611 4296 agens
1651 4242 1724 4278 m.
1769 4242 1796 4276 2
1843 4234 1900 4280 et
1942 4241 2104 4280 erren
2145 4242 2205 4279 ss
2242 4225 2415 4280 freter
2450 4225 2575 4280 hec.
2650 4239 2703 4294 9.
2738 4234 2931 4281 noster
2964 4223 3293 4294 duplicauit
3320 4221 3523 4290 scriba,

955 4305 1227 4371 incuria,·
1257 4309 1545 4378 expum‘t
1561 4314 1620 4362 et
1629 4309 1988 4378 perlineauit
2006 4325 2116 4362 sua
2141 4325 2336 4364 manu.

2115 4423 2220 4464 ΤΞ
