4373 5048
328 558 457 608 rol.
473 560 588 608 151.
615 544 728 607 hoc
759 546 979 623 pascha
1006 544 1224 606 mandu

615 381 786 433 xxn.
815 378 1034 447 15-47.]

1365 544 1480 605 hoc
1509 544 1763 606 facturus

1365 636 1408 672 ’⁴
1425 640 1667 699 Factum
1697 649 1786 699 est
1813 648 2006 701 autem

1363 736 1663 794 contentio
1692 736 1840 793 inter

1365 828 1492 888 illos
1522 830 1792 906 quisnam
1821 846 1918 888 ma

1361 924 1448 981 ior
1477 940 1682 983 eorum
1709 933 1797 982 est
1821 954 1835 971 ·
1900 923 1945 957 ²⁵
1965 923 2043 981 At

1361 1016 1484 1093 ipse
1513 1016 1657 1075 dixit
1684 1018 1768 1076 eis
1785 1048 1800 1063 ·
1859 1036 1922 1076 re

1358 1128 1462 1185 ges
1489 1111 1751 1186 gentium

1359 1203 1732 1263 dominantur
1759 1222 1834 1263 eo

1357 1315 1487 1355 rum
1569 1307 1626 1356 et
1653 1299 1752 1374 qui
1781 1308 1948 1375 potes

1357 1401 1535 1449 tatem
1562 1402 1835 1451 exercent

1357 1484 1417 1543 in
1446 1485 1530 1543 eis
1557 1485 1844 1545 beneficio

1355 1596 1486 1636 rum
1513 1578 1814 1655 largitores
1843 1579 1902 1637 di

1353 1683 1562 1731 cuntur
1584 1703 1598 1718 ·
1662 1670 1705 1705 ²⁸
1725 1690 1832 1732 uos
1861 1678 1994 1731 aute

1353 1783 1476 1823 non
1503 1766 1582 1824 ita
1605 1797 1618 1812 ·
1641 1798 1655 1812 ·
1721 1766 1824 1826 sed
1851 1768 1952 1843 qui

613 658 746 700 care
779 642 1090 701 uobiscum

611 743 928 812 antequam
957 735 1168 794 moriar
1191 766 1206 781 ·

608 824 653 860 ¹⁶
668 827 822 888 Dico
849 830 1008 888 enim
1035 829 1204 888 uobis
1226 859 1241 874 ·

608 923 746 1000 quia
775 942 846 981 ex
876 922 992 982 hoc
1023 941 1146 982 non
1176 933 1309 982 man

605 1014 838 1075 ducabo
868 1016 1008 1075 illud
1035 1016 1224 1077 donec

604 1107 910 1184 impleatur
936 1111 998 1168 in
1025 1128 1129 1186 reg

604 1218 684 1261 no
715 1201 774 1260 di
796 1233 845 1249 ··
907 1200 1036 1261 ¹⁷Et
1063 1222 1246 1280 accep

603 1304 666 1353 to
694 1295 874 1354 calice
901 1297 1114 1372 gratias

604 1399 736 1464 eget
761 1398 820 1448 et
847 1389 990 1448 dixit
1011 1420 1026 1435 ·
1098 1392 1224 1449 acci

600 1482 718 1558 pite
745 1481 862 1541 hoc
931 1493 989 1541 et
1017 1483 1192 1543 diuite

601 1574 748 1635 inter
776 1595 885 1635 uos
907 1608 922 1624 ·
986 1573 1032 1610 ¹⁸
1047 1578 1180 1637 dico

601 1670 760 1729 enim
788 1672 958 1730 uobis
1027 1672 1190 1748 quod

601 1780 724 1822 non
753 1764 950 1823 bibam
981 1765 1053 1824 de
1080 1784 1232 1842 gene

600 1857 819 1915 ratione
847 1859 980 1917 uitis
1009 1860 1088 1919 do
1351 1859 1538 1918 maior
1565 1870 1654 1919 est
1683 1862 1741 1918 in
1774 1862 1940 1920 uobis

601 1969 708 2010 nec
735 1970 984 2028 regnum
1012 1954 1072 2012 di
1097 1972 1172 2013 ue
1349 1952 1626 2012 efficiatur
1656 1965 1717 2013 ut
1744 1973 1779 2013 a

598 2044 720 2104 niat
738 2076 752 2091 ·
817 2044 930 2105 ²¹'et
957 2058 1192 2124 accepto
1221 2068 1298 2126 pa
1351 2046 1722 2107 duliscentior
1744 2079 1758 2094 ·

597 2156 672 2197 ne
699 2139 912 2215 gratias
941 2142 1060 2218 egit
1085 2152 1143 2201 et
1349 2150 1407 2199 et
1435 2141 1534 2217 qui
1565 2150 1756 2217 preest
1779 2173 1794 2187 ·
1859 2152 1924 2201 ut

594 2230 762 2307 fregit
784 2262 798 2279 ·
863 2244 920 2292 et
948 2234 1106 2294 dedit
1133 2235 1172 2293 il
1345 2236 1442 2310 qui
1471 2236 1752 2293 ministrat
1775 2268 1856 2280 —

593 2324 660 2385 lis
688 2325 890 2385 dicens
913 2358 928 2374 ·
992 2328 1105 2388 hoc
1133 2339 1222 2390 est
1343 2324 1539 2401 ”Quis
1555 2329 1713 2387 enim
1729 2329 1913 2389 maior
1931 2341 2044 2389 est·

592 2436 806 2497 corpus
835 2439 1033 2481 meum
1347 2424 1446 2498 qui
1473 2423 1756 2481 recumbit
1779 2454 1793 2469 ·
1865 2434 1966 2483 aut

591 2551 754 2628 quod
783 2569 890 2628 pro
920 2554 1089 2612 uobis
1114 2554 1280 2614 datur
1346 2555 1446 2631 qui
1473 2555 1759 2614 ministrat
1779 2587 1792 2602 ·
1857 2575 1978 2617 non

589 2642 704 2704 hoc
733 2643 903 2704 facite
933 2647 1006 2704 ad
1035 2665 1230 2708 meam
1345 2667 1420 2707 ne
1449 2650 1548 2726 qui
1576 2651 1862 2709 recumbit
1887 2681 1900 2696 ·

589 2743 1156 2801 commemoratione
1178 2776 1222 2786 —
1343 2741 1478 2819 Ego
1506 2753 1702 2802 autem
1723 2761 1853 2802 sum
1876 2745 1934 2803 in
1951 2762 2046 2804 me

588 2831 635 2865 '⁰
653 2831 926 2894 Similiter
954 2846 1012 2894 et
1049 2837 1292 2896 calicem
1347 2837 1444 2895 dio
1473 2848 1734 2895 uestrum
1763 2838 1910 2896 sicut

588 2936 723 3003 post
749 2945 962 2988 cenam
990 2929 1192 2988 dicens
1215 2961 1230 2976 ·
1342 2931 1443 3006 qui
1478 2932 1760 2990 ministrat
1785 2963 1798 2978 ·

589 3019 680 3079 hic
710 3031 798 3080 est
827 3023 976 3082 calix
1007 3029 1168 3082 noufi
1342 3021 1384 3056 ’Β
1403 3023 1532 3083 Uos
1560 3035 1753 3084 autem
1782 3025 1918 3084 estis
1947 3028 2043 3104 qui

1343 3119 1736 3194 permansistis
1765 3136 1862 3177 me

1343 3231 1482 3271 cum
1508 3213 1568 3270 in
1598 3213 1922 3271 temtationi

1344 3306 1454 3364 bus
1475 3305 1621 3366 meis
1645 3336 1659 3351 ·
1682 3303 1809 3363 ”Et
1824 3324 1938 3382 ego
1955 3307 2044 3366 dis

1344 3419 1506 3477 pono
1533 3401 1704 3460 uobis
1733 3401 1881 3459 sicut

1345 3494 1626 3572 disposuit
1655 3503 1816 3571 pater
1843 3511 1940 3553 me

1341 3607 1412 3648 us
1432 3605 1678 3665 regnum
1698 3619 1713 3635 ·
1755 3587 1800 3620 ⁸⁰
1819 3597 1880 3646 ut
1897 3587 2041 3647 aeda

1345 3683 1416 3741 tis
1444 3693 1500 3741 et
1527 3681 1734 3740 bibatis
1760 3681 1822 3740 in
1843 3700 1992 3741 mea-

590 3123 1001 3175 testamentum

587 3206 648 3265 in
677 3209 962 3285 sanguine
993 3229 1128 3270 meo

588 3300 750 3377 quod
779 3319 887 3378 pro
913 3304 1082 3363 uobis
1111 3303 1176 3363 ef

585 3391 855 3454 fundetur
879 3427 894 3442 ·
955 3392 1000 3428 ⁸¹
1019 3397 1252 3456 Tamen

587 3505 727 3547 ecce
757 3506 964 3548 manus
992 3491 1196 3550 traden

586 3580 658 3639 tis
685 3599 919 3641 mecum
948 3584 1010 3642 in
1037 3603 1243 3644 mensa
1266 3618 1279 3632 ·

585 3681 722 3744 ”Et
748 3687 987 3763 quidem
1017 3689 1166 3748 filius
1195 3689 1274 3750 ho

586 3781 763 3840 minis
793 3782 1119 3842 secundum
1342 3795 1472 3836 mea
1499 3795 1705 3834 mensa
1731 3785 1790 3834 et
1816 3777 1877 3835 in

1341 3889 1524 3946 regno
1553 3887 1690 3929 meo
1713 3901 1728 3916 ·
1771 3868 1849 3927 Et
1879 3870 2016 3930 sede

1339 3965 1471 4024 bitis
1500 3964 1560 4022 in
1589 3963 1903 4023 duodecim

1339 4055 1574 4117 sedibus
1603 4057 1922 4117 iudicantes

581 4150 805 4212 homini
831 4173 937 4232 per
1339 4151 1651 4211 duodecim
1679 4151 1860 4210 tribus

581 4263 762 4323 quem
789 4250 1025 4308 traditur
1047 4281 1062 4297 ·
1338 4245 1408 4305 isi
1431 4278 1444 4292 ·
1469 4279 1482 4292 ·
1507 4277 1520 4291 ·
1559 4243 1604 4277 ³¹
1621 4245 1722 4302 Ait
1749 4255 1946 4304 autem

579 4335 716 4400 ”Et
737 4342 849 4420 ipsi
865 4343 1288 4420 conquirebant
1338 4341 1450 4400 dfis
1474 4371 1487 4387 ·
1551 4339 1746 4397 simon
1773 4338 2010 4397 simon-

579 4431 728 4494 inter
751 4453 818 4496 se
845 4438 976 4515 quis
1001 4448 1156 4498 esset
1335 4453 1474 4495 ecce
1503 4443 1733 4493 satanas
1760 4432 1952 4508 expeti

583 3873 744 3950 quod
773 3876 1052 3954 scriptum
1078 3887 1165 3936 est

580 3965 740 4024 uadit
763 3998 776 4013 ·
845 3981 1068 4028 uerum'

580 4067 779 4118 tamen
808 4079 918 4120 uae
947 4063 1023 4121 illi

1947 370 2294 433 LUCAN-

3508 384 3622 451 107

2165 546 2249 603 uit
2276 555 2337 603 ut
2364 563 2472 605 uos
2500 544 2728 604 uentilet
2756 544 2803 603 si
2869 544 2903 582 *
2922 543 2966 578 ⁸⁹
2987 542 3065 603 Et
3091 563 3359 622 egressus
3384 546 3507 606 ibat

2165 650 2263 697 cut
2294 640 2537 698 triticum
2564 670 2579 685 ·
2642 635 2687 671 δ’
2706 658 2821 715 ego
2870 638 2903 675 ’¹‘
2923 640 3246 698 secundum
3273 658 3393 700 con

2165 743 2363 792 autern
2396 734 2596 809 rogaui
2624 751 2733 809 pro
2762 746 2817 792 te
2870 729 2903 767 *
2924 734 3286 793 suetudinem
3316 746 3465 793 sua·-

2165 837 2230 887 ut
2256 846 2375 887 non
2404 827 2631 887 deficiat
2664 826 2798 886 fides
2870 823 2903 860 *
2924 824 2985 883 in
3014 839 3217 886 monte
3246 828 3439 887 oliueti
3464 862 3478 877 ·

2165 929 2265 979 tua
2290 952 2303 967 ·
2362 920 2441 980 Et
2468 932 2530 980 tu
2558 920 2870 997 aliquando
2923 921 3102 979 secuti
3132 933 3267 980 sunt
3294 930 3427 983 aute

2163 1014 2449 1073 confirma
2476 1014 2677 1073 fratres
2920 1012 3081 1072 illum
3110 1025 3167 1073 et
3196 1015 3419 1093 discipu

2161 1117 2295 1167 tuos
2316 1139 2329 1154 ·
2389 1107 2467 1167 Et
2494 1120 2693 1185 rogate
2724 1126 2797 1167 ne
2918 1104 2957 1163 li
2982 1138 2995 1153 ·
3060 1106 3107 1141 ⁴⁰
3122 1120 3180 1167 et
3208 1127 3343 1167 cum
3372 1130 3551 1187 perue

2160 1202 2379 1261 intretis
2408 1203 2468 1260 in
2503 1202 2766 1279 temptati
2917 1200 3098 1259 nisset
3130 1203 3189 1259 in
3218 1202 3417 1262 locum

2157 1314 2337 1354 onem
2357 1328 2370 1341 ·
2398 1326 2411 1341 ·
2439 1328 2451 1342 ·
2478 1295 2522 1327 ⁸³
2539 1296 2701 1355 Dixit
2728 1302 2861 1355 aute
2913 1292 3053 1353 dixit
3081 1296 3185 1354 illis
3213 1307 3375 1356 orate

2158 1388 2211 1446 ei
2237 1399 2433 1464 petrus
2462 1389 2576 1448 dfie
2606 1394 2739 1449 tecti
2914 1405 2989 1445 ne
3016 1388 3233 1449 intretis
3260 1391 3321 1449 in
3351 1401 3469 1449 tem

2157 1492 2391 1558 paratus
2420 1501 2549 1542 sum
2579 1493 2638 1541 et
2664 1484 2725 1541 in
2914 1484 3193 1541 tationem
3216 1516 3229 1531 ·
3254 1516 3268 1531 ·
3295 1516 3309 1531 ·
3361 1484 3405 1517 ⁴¹
3424 1497 3482 1544 et
3511 1486 3570 1564 ip

2158 1593 2391 1636 carcere
2421 1588 2479 1635 et
2508 1578 2567 1635 in
2596 1586 2781 1637 morte
2802 1609 2816 1623 ·
2912 1592 2974 1633 se
3003 1577 3242 1637 auulsus
3270 1590 3359 1637 est
3388 1580 3464 1639 ab

2155 1669 2287 1728 ⁸“Et
2305 1670 2397 1729 ille
2418 1672 2559 1729 dixit
2613 1671 2745 1730 dico
2762 1672 2861 1730 tibi
2912 1669 2994 1727 eis
3022 1680 3305 1746 quantum
3333 1673 3423 1731 iac

2158 1774 2355 1839 petrae
2379 1796 2393 1811 ·
2456 1784 2577 1825 non
2606 1767 2863 1825 cantabit
2912 1772 3035 1820 turn
3065 1763 3309 1841 lapidis·
3372 1766 3451 1825 Et

2157 1857 2330 1917 hodie
2358 1858 2545 1934 gallus
2572 1860 2763 1920 donec
2911 1857 3113 1932 positis
3147 1860 3394 1934 genibus

2157 1960 2244 2009 ter
2272 1952 2527 2029 abneges
2556 1972 2730 2013 nosse
2908 1951 3114 2009 orabat
3194 1949 3239 1984 ⁴²
3256 1952 3456 2014 dicens

2909 2042 3081 2102 Pater
3108 2045 3157 2104 si
3186 2047 3275 2106 uis
3306 2058 3461 2107 trans

2907 2135 2993 2195 fer
3021 2139 3261 2197 calicem
3291 2140 3449 2201 hunc

2904 2246 2941 2289 a
2968 2248 3063 2289 me
3121 2250 3325 2292 uerum

2908 2341 3031 2382 non
3060 2342 3191 2385 mea
3218 2328 3489 2391 uoluntas

2908 2418 3008 2477 sed
3040 2428 3137 2477 tua
3164 2421 3263 2479 fiat
3284 2454 3297 2469 ·
3322 2452 3338 2469 ·

2155 2062 2252 2103 me
2278 2076 2293 2091 ·
2356 2045 2485 2103 ”Et
2514 2046 2658 2106 dixit
2686 2048 2769 2106 eis

2153 2139 2393 2213 quando
2424 2141 2551 2198 misi
2580 2160 2687 2201 uos
2716 2143 2840 2201 sine

2153 2232 2389 2292 sacculo
2416 2244 2472 2293 et
2501 2253 2639 2311 pera
2666 2246 2724 2294 et

2150 2326 2533 2387 calciamentis
2594 2348 2738 2388 num

2153 2421 2293 2497 quid
2321 2421 2533 2499 aliquid
2562 2422 2743 2482 defuit

2906 2549 3154 2627 ⁴³paruit
3183 2564 3379 2614 autem
3410 2554 3486 2614 illi
3518 2575 3595 2616 an

2905 2645 3070 2720 gelus
3100 2647 3172 2705 de
3200 2648 3329 2707 celo
3360 2667 3478 2708 con

2909 2737 3128 2798 sortans
3155 2741 3315 2800 illum
3338 2774 3353 2788 ·
3416 2742 3495 2802 Et

2905 2831 3090 2891 factus
3116 2844 3203 2892 est
3228 2835 3289 2894 in
3318 2837 3531 2913 agonia

2903 2927 3181 3002 prolixius
3212 2930 3415 2988 orabat
3442 2964 3527 2976 —

2902 3019 2945 3052 ⁴⁴
2964 3031 3022 3079 et
3050 3020 3235 3081 factus
3262 3033 3351 3082 est
3380 3025 3561 3085 sudor

2898 3113 3023 3174 eius
3052 3116 3197 3174 sicut
3224 3127 3421 3193 guttae

2902 3209 3197 3284 sanguinis
3226 3211 3406 3270 decur

2899 3320 3035 3361 rens
3062 3304 3121 3361 in
3150 3313 3364 3364 terram
3382 3338 3397 3352 ·

2898 3393 2943 3428 ⁴⁵
2960 3396 3036 3454 Et
3064 3416 3201 3456 cum
3230 3401 3565 3460 surrexisset

2899 3491 2974 3549 ab
3002 3492 3264 3552 oratione
3291 3503 3349 3552 et
3376 3513 3449 3554 ue

2900 3585 3079 3644 nisset
3107 3586 3183 3644 ad
3212 3587 3440 3664 discipu

2898 3677 2987 3738 los
3016 3697 3153 3739 suos
3224 3690 3282 3738 et
3310 3682 3533 3740 inuenit

2143 3775 2205 3833 in
2234 3795 2331 3835 me
2352 3807 2367 3823 ·
2430 3787 2488 3836 et
2516 3794 2651 3835 cum
2680 3776 2759 3834 ini
2898 3771 3029 3831 illos
3058 3773 3413 3834 dormientes

2144 3870 2277 3946 quis
2306 3870 2615 3947 deputatus
2648 3880 2737 3929 est
2760 3902 2775 3917 ·
2896 3883 2999 3943 pre
3022 3867 3241 3926 trlStltla
3300 3869 3345 3902 ⁴⁸
3361 3879 3418 3928 et
3446 3870 3524 3930 alt

2142 3982 2299 4023 nunc
2320 3983 2469 4041 quae
2490 3964 2563 4023 de
2581 3982 2675 4022 me
2694 3963 2844 4042 scrip
2897 3959 3007 4019 illis
3030 3991 3043 4006 ·
3104 3962 3245 4037 quid
3271 3962 3531 4026 dormitis
3555 3996 3570 4013 ·

2142 4068 2202 4116 ta
2232 4069 2366 4117 sunt
2392 4059 2569 4117 finem
2605 4059 2683 4117 ha
2898 4055 3111 4131 surgite
3140 4067 3199 4114 et
3226 4067 3387 4116 orate

2141 4151 2309 4210 bent·
2354 4151 2563 4211 ³⁸atilli
2580 4152 2847 4212 dixerunt
2896 4158 2960 4207 ut
2988 4166 3062 4208 ne
3091 4150 3311 4208 intretis
3338 4152 3395 4209 in
3426 4157 3483 4211 te

2141 4245 2195 4302 ei
2224 4244 2339 4302 dfie
2362 4275 2377 4290 ·
2442 4263 2580 4305 ecce
2607 4246 2789 4323 gladii
2894 4242 3205 4302 tationem·
3297 4245 3555 4305 “Adhuc

2140 4336 2235 4397 hic
2265 4339 2383 4398 duo
2405 4370 2419 4385 .
2478 4341 2577 4417 qui
2606 4345 2740 4400 aut&
2892 4335 2990 4395 illo
3019 4335 3287 4412 loquente
3316 4355 3453 4397 ecce

2139 4432 2283 4492 dixit
2309 4433 2391 4493 eis
2418 4434 2555 4494 satis
2576 4443 2663 4494 est
2682 4466 2695 4482 .
2722 4466 2735 4481 .
2760 4461 2843 4486 ..a
2894 4429 3059 4488 turba
3080 4458 3095 4475 ·
3165 4439 3223 4488 et
3251 4431 3351 4505 qui
3378 4433 3598 4493 u⁰caba

3168 4553 3266 4594 1³2

2152 2553 2323 2611 uobis
2349 2585 2363 2600 ·
2422 2565 2482 2612 at
2508 2554 2583 2613 illi
2613 2554 2746 2616 dixe

2151 2656 2289 2705 runt
2316 2647 2455 2706 nihil
2517 2648 2561 2681 ³⁸
2578 2650 2714 2709 dicit

2155 2758 2302 2816 ergo
2330 2742 2414 2800 eis
2437 2773 2451 2788 ·
2522 2742 2641 2802 Sed
2670 2762 2827 2804 nunc

2153 2835 2253 2910 qui
2283 2835 2460 2894 habet
2488 2839 2723 2897 sacculii

2151 2929 2315 2988 tollat
2344 2930 2448 2988 sibi
2479 2949 2784 3008 peram-—

2147 3031 2205 3080 et
2234 3023 2332 3100 qui
2360 3041 2483 3083 non
2514 3025 2689 3086 habet

2146 3117 2367 3175 uendat
2396 3119 2655 3178 tunicam

2149 3227 2316 3269 suam
2344 3222 2403 3271 et
2429 3223 2586 3271 emat

2147 3303 2407 3380 gladium
2432 3337 2446 3352 ·
2511 3306 2555 3340 ⁸⁷
2570 3307 2703 3367 dico

2146 3398 2303 3456 enim
2332 3399 2501 3459 uobis
2528 3407 2670 3478 qfim

2143 3491 2337 3551 adhuc
2366 3492 2477 3554 hoc
2507 3487 2665 3572 quod

2145 3587 2427 3664 scriptum
2455 3605 2543 3648 est

2143 3693 2374 3758 oportet
2402 3683 2625 3759 impleri

3648 550 3771 601 1¹01.
3795 550 3917 601 152.
