4373 5048
527 386 715 435 xxiv,
740 382 953 448 18-48.]

224 553 358 603 ποι.
381 554 475 603 64.
522 554 615 606 tro
642 545 843 605 tollere
869 554 933 604 tu

523 640 719 699 nicam
746 657 913 700 suam
936 670 951 686 ·

522 732 568 767 ¹⁹
583 732 715 793 Uae
743 742 941 794 autem
969 751 1117 811 preg

522 828 795 887 nantibus
822 837 881 887 et
908 846 989 887 nu

519 921 823 981 trientibus
846 922 909 980 in

519 1013 627 1073 illis
656 1015 859 1074 diebus
882 1045 897 1061 ·

517 1105 563 1141 '⁰
581 1108 761 1169 Orate
788 1118 983 1168 autem
1010 1118 1075 1167 ut

518 1219 644 1263 non
670 1202 771 1261 fiat
797 1201 937 1279 fuga

517 1305 712 1356 uestra
738 1295 931 1355 bieme

516 1389 611 1447 uel
644 1390 887 1449 sabbato
906 1419 921 1435 ·

516 1478 560 1514 ἠ
578 1482 705 1542 Erit
732 1483 890 1541 enim
917 1492 1057 1543 tunc

516 1576 803 1635 tribulatio
836 1594 977 1652 mag

517 1688 596 1729 na
628 1670 815 1746 qualis
850 1686 975 1728 non

516 1762 622 1822 fuit
646 1764 723 1822 ab
750 1762 913 1823 initio
942 1780 1007 1822 se

516 1857 631 1917 culi
655 1874 840 1933 usque
870 1874 972 1916 mo

513 1950 594 2011 do
621 1968 811 2027 neque
838 1950 939 2009 fiet
956 1980 972 1997 ·

510 2041 557 2080 ’Β
572 2044 649 2103 Et
676 2044 788 2104 nisi
822 2044 935 2104 diis
962 2044 1121 2103 breui

512 2148 667 2198 asset
694 2138 817 2198 dies
845 2137 975 2198 illos

511 2249 637 2291 non
662 2232 825 2291 fieret
851 2230 936 2291 sal

510 2342 589 2384 ua
614 2325 765 2385 omis
792 2342 933 2385 caro

510 2456 616 2516 sed
644 2466 885 2535 propter
911 2456 1035 2518 elec

510 2561 605 2612 tos
626 2552 1036 2612 breuiabuntur

512 2645 638 2705 dies
659 2644 739 2702 illi
756 2676 771 2691 ·
814 2642 859 2677 ¹⁸
877 2643 1050 2704 Tunc

514 2740 563 2797 si
590 2739 719 2817 quis
745 2738 918 2799 uobis
955 2738 1091 2797 dixe

514 2832 586 2892 rit
613 2850 753 2892 ecce
781 2831 875 2891 hic
904 2836 1017 2907 xps

510 2943 651 2986 ecce
679 2926 791 2985 illic
814 2925 995 2984 nolite

513 3019 748 3080 credere
771 3051 786 3066 ·
814 3050 826 3065 ·
873 3016 919 3052 ²⁴
940 3017 1051 3078 Sur

510 3122 655 3190 gent
681 3112 839 3172 enim
867 3111 1094 3189 pseodo
1170 3163 1179 3172 .

511 3207 615 3283 xiii
638 3237 653 3253 ·
696 3216 754 3266 et
779 3205 1116 3282 pseodopro

511 3300 662 3360 fetae
685 3330 700 3347 ·
758 3310 817 3360 et
844 3299 1065 3358 dabunt

512 3395 678 3470 signa
706 3411 924 3470 magna
952 3404 1009 3452 et
1036 3410 1145 3470 pro

512 3487 666 3564 digia
687 3519 702 3534 ·
766 3486 857 3545 Ita
884 3497 947 3546 ut
975 3487 1037 3545 in
1065 3505 1128 3546 er

508 3599 639 3640 rore
664 3580 1010 3640 inducantur
1028 3611 1043 3627 ·

510 3674 572 3734 Si
600 3675 722 3733 fieri
749 3684 941 3752 potest
967 3673 1129 3734 etia-

507 3769 675 3827 electi
697 3799 712 3815 ·
774 3765 819 3800 ²⁶
835 3785 974 3826 ecce
1002 3784 1142 3844 prae

508 3861 629 3920 dixi
654 3863 825 3922 uobis
845 3891 859 3906 ·
902 3858 945 3894 ⁸⁶
962 3861 1023 3921 Si
1050 3879 1153 3920 au.

507 3965 627 4014 tem
656 3954 903 4014 dixerint
928 3954 1097 4012 uobis
1119 3984 1135 4000 ·

508 4065 650 4108 ecce
678 4049 738 4106 in
766 4047 1073 4108 solitudine

507 4151 598 4202 est
616 4172 629 4188 ·
689 4142 868 4200 nolite
896 4141 1054 4200 exire
1075 4172 1090 4188 ·

508 4254 649 4296 ecce
676 4235 738 4294 in
771 4234 1046 4297 domibus

1608 406 1613 413 -
1714 377 1847 436 MA
1865 377 2279 442 TTHEUM.
3457 402 3542 468 33

1276 542 1456 602 nolite
1485 543 1721 605 credere

1275 634 1321 671 ’Ψ
1341 636 1502 696 Sicut
1529 640 1691 697 enim
1726 638 1919 717 fulgor

1274 731 1393 789 exit
1420 732 1497 789 ab
1522 731 1743 792 oriente
1812 744 1873 792 et

1274 834 1440 902 paret
1468 843 1650 902 usque
1676 826 1754 885 ad
1782 845 1857 888 oc

1276 917 1568 978 cidentem
1590 950 1603 965 -
1668 920 1759 980 Ita
1784 917 1890 981 erit

1274 1011 1561 1072 aduentus
1590 1012 1667 1071 fili
1693 1014 1775 1073 ho

1274 1106 1447 1164 minis
1469 1137 1485 1152 ·
1546 1104 1591 1139 ²⁸
1607 1106 1868 1167 Ubicum

1274 1215 1388 1274 que
1416 1200 1575 1258 enim
1604 1200 1775 1261 suerit

1272 1310 1461 1369 copus
1486 1293 1598 1352 illic
1622 1312 1841 1372 congre

1272 1388 1561 1463 gabuntur
1588 1388 1817 1464 aquilae
1836 1421 1851 1436 ·

1270 1475 1315 1513 ²⁹
1334 1479 1539 1540 Statim
1568 1492 1764 1541 autem
1790 1494 1927 1560 post

1270 1574 1695 1636 tribulationem
1723 1576 1819 1635 die

1268 1686 1400 1725 rum
1426 1668 1657 1729 illorum
1679 1700 1694 1716 ·
1761 1669 1863 1731 Sol

1269 1762 1673 1821 obscurabitur
1691 1794 1706 1809 ·
1770 1775 1828 1824 et

1269 1853 1407 1913 luna
1435 1873 1558 1915 non
1585 1856 1743 1915 dabit
1770 1858 1833 1917 lu

1269 1965 1409 2006 men
1437 1966 1607 2007 suum
1626 1980 1641 1995 ·
1701 1959 1762 2009 et
1789 1951 1890 2011 st⁶l

1265 2038 1357 2099 lae
1385 2042 1599 2102 cadent
1626 2041 1699 2101 de
1726 2045 1889 2106 caelo
1911 2078 1926 2093 ·

1267 2133 1346 2193 Et
1370 2134 1611 2195 uirtutes
1638 2136 1871 2197 caeloru

1268 2230 1795 2291 commonebuntur
1812 2262 1827 2279 ·

1264 2320 1397 2381 ”Et
1413 2331 1552 2383 tunc
1567 2326 1786 2401 parebit
1796 2328 1968 2403 signfl

1265 2452 1347 2511 fili
1372 2453 1627 2515 hominis
1661 2456 1723 2515 in
1750 2459 1915 2518 caelo
1933 2492 1948 2507 ·

1266 2547 1346 2608 Et
1371 2557 1510 2609 tunc
1538 2551 1819 2628 plangent
1847 2571 1909 2613 se

1266 2659 1474 2702 omnes
1502 2644 1679 2703 tribus
1711 2653 1859 2705 terre

1264 2735 1344 2794 Et
1369 2737 1652 2796 uidebunt
1676 2738 1858 2797 filium

1242 2817 1517 2889 ‘hominis
1543 2833 1816 2892 uenienti&²

1263 2923 1324 2980 in
1352 2924 1605 2983 nubibus
1634 2925 1779 2984 caeli
1799 2957 1816 2973 ·

1264 3016 1419 3076 Cum
1446 3018 1655 3078 uirtute
1682 3028 1741 3078 et
1767 3019 1866 3096 glo

1262 3110 1347 3169 ria
1381 3111 1594 3170 multa·
1637 3111 1679 3146 ⁸¹
1697 3111 1778 3171 Et
1804 3114 1907 3174 mit

1264 3214 1345 3263 tet
1373 3204 1613 3282 angelos
1642 3223 1781 3266 suos

1262 3315 1399 3357 cum
1425 3299 1565 3359 tuba
1592 3309 1651 3359 et
1676 3317 1829 3360 uoce

1260 3410 1479 3469 magna
1598 3404 1655 3453 et
1682 3412 1902 3471 congre

1257 3487 1481 3562 gabunt
1506 3487 1725 3548 electos
1755 3489 1879 3547 eius
1897 3519 1912 3535 ·

1258 3597 1295 3638 a
1319 3589 1593 3656 quattuor
1617 3581 1805 3640 uentis
1828 3612 1844 3628 ·

1258 3673 1315 3732 A
1344 3675 1573 3734 summis
1602 3675 1897 3735 caelorum

1257 3784 1442 3844 usque
1472 3767 1550 3827 ad
1575 3769 1852 3829 terminos

1260 3877 1467 3918 eorum
1485 3891 1519 3907 ··
1603 3860 1759 3920 Cum
1790 3879 1903 3923 coe

1259 3952 1449 4029 pei-int
1476 3953 1623 4012 haec
1653 3955 1851 4014 omnia

1260 4045 1383 4104 fieri
1404 4077 1419 4092 ·
1478 4047 1743 4123 respicite

1258 4148 1318 4198 et
1345 4139 1566 4199 eleuate
1595 4148 1771 4216 caput
1792 4170 1808 4187 ·

1259 4239 1403 4312 qum
1431 4234 1736 4313 adpropiat
1762 4253 1825 4295 re

2839 550 2921 611 sic
2949 552 3056 610 erit
3085 552 3370 614 aduentus

2837 643 2918 701 fili
2944 644 3200 705 hominis
3221 678 3236 693 ·
3255 679 3340 693 —

2836 735 2882 771 ⁴⁰
2900 739 3075 799 Tunc
3093 739 3212 800 duo
3229 753 3396 803 erunt
3422 744 3484 803 in
3505 762 3544 805 a

2835 848 2945 908 gro
2965 864 2981 879 ·
3038 851 3190 893 unus
3219 837 3369 897 adsu

2836 934 3024 985 metur
3049 936 3286 989 et-unus
3312 949 3377 990 re

2833 1017 3122 1096 linquetur
3142 1052 3155 1068 ·
3199 1020 3240 1055 ⁴¹
3259 1022 3410 1084 duae

2834 1111 3121 1172 molentes
3147 1115 3226 1174 ad
3252 1134 3354 1175 mo

2835 1202 2953 1261 lam
3030 1224 3184 1265 unus
3213 1208 3458 1271 adsume

2833 1304 2928 1357 tur
2951 1308 3010 1358 et
3037 1318 3188 1361 unus
3215 1302 3358 1363 relin

2832 1401 3040 1467 quetur
3058 1424 3073 1440 ·
3115 1393 3162 1426 ⁴²
3177 1393 3316 1455 Duo
3343 1398 3405 1457 in

2829 1482 2984 1543 lecto
3079 1504 3232 1547 unus
3261 1489 3410 1549 adsu

2830 1586 3019 1637 metur
3044 1589 3104 1638 et
3130 1598 3282 1641 unus
3309 1602 3373 1643 re

2828 1669 3120 1749 linquetur
3139 1705 3154 1721 ·
3198 1674 3242 1707 ⁴³
3261 1675 3400 1753 Uigi

2826 1764 2939 1823 late
2970 1783 3111 1842 ergo
3140 1768 3276 1842 quia
3304 1772 3466 1831 nesci

2826 1858 2900 1916 tis
2991 1876 3110 1935 qua
3137 1860 3283 1921 hora
3309 1862 3422 1925 dfis

2826 1960 3017 2011 uester
3043 1954 3238 2013 ueniet
3260 1985 3275 2001 ·
3302 1987 3317 2003 ·

2826 2044 2871 2077 ⁴⁴
2887 2044 3038 2104 Illud
3065 2057 3260 2107 autem
3287 2049 3497 2111 scitote

2827 2144 2968 2214 qum
2998 2140 3045 2198 si
3075 2142 3245 2199 sciret
3272 2154 3436 2218 pater

2827 2230 3071 2292 familias
3137 2251 3256 2310 qua
3283 2236 3429 2296 hora

2825 2322 2914 2383 fur
2942 2326 3099 2385 uenit
3165 2328 3430 2405 uigilaret

2086 548 2305 609 demtio
2335 559 2528 609 uestra
2548 581 2561 596 ·

2082 639 2128 673 θ’
2145 642 2199 700 Α
2221 641 2366 701 facie
2395 654 2592 703 autem
2620 646 2765 705 arbo

2080 735 2159 793 ris
2189 735 2283 795 fici
2309 736 2510 797 discite

2081 829 2422 904 parabolam
2445 862 2460 878 ·
2523 831 2665 891 Cu-

2079 922 2198 982 iam
2225 942 2420 982 ramus
2449 926 2605 985 eeius

2080 1025 2245 1075 tener
2269 1016 2436 1077 fuerit
2463 1028 2520 1077 et

2080 1108 2219 1169 solia
2245 1122 2558 1171 nascuntur
2582 1144 2598 1159 ·

2080 1203 2238 1262 scitis
2265 1205 2404 1280 quia
2431 1223 2619 1281 prope

2075 1305 2163 1354 est
2191 1306 2381 1357 aestas
2401 1328 2416 1343 ·
2459 1296 2503 1330 ⁸⁸
2523 1297 2618 1358 Sic

2075 1399 2135 1448 et
2162 1408 2274 1449 uos
2302 1408 2439 1450 cum
2467 1391 2600 1451 uide

2073 1483 2196 1542 ritis
2223 1484 2425 1544 omnia
2451 1483 2598 1544 haec
2621 1515 2638 1532 ·

2074 1579 2412 1654 cognoscite
2439 1584 2583 1655 qum

2071 1688 2262 1748 prope
2289 1681 2379 1730 est
2405 1672 2466 1729 in
2494 1672 2614 1730 limi

2073 1781 2149 1823 ne
2172 1794 2188 1811 ·
2233 1768 2270 1827 ·l·
2285 1764 2330 1798 ⁸⁴
2347 1764 2544 1824 Arnen
2571 1766 2710 1827 dico

3571 578 3696 629 1⁷01.
3719 578 3812 627 05.

2071 1857 2245 1917 uobis
2273 1858 2409 1934 quia
2437 1876 2558 1919 non

2069 1951 2365 2028 preteribit
2390 1950 2540 2011 haec

2071 2041 2373 2121 genaratio
2403 2045 2588 2105 don⁰c

2070 2140 2270 2197 omnia
2297 2138 2443 2198 haec
2473 2139 2614 2198 fiant

2068 2232 2115 2266 ⁸⁵
2134 2232 2381 2292 Caelum
2408 2242 2465 2292 et
2491 2244 2642 2316 tegra

2069 2327 2383 2387 transsierit
2402 2358 2417 2374 ·
2487 2345 2593 2388 uer

2068 2460 2147 2517 ba
2174 2476 2317 2517 uero
2346 2476 2480 2519 mea
2501 2490 2516 2505 ·
2577 2476 2700 2519 non
2823 2456 3020 2534 utique
3117 2468 3176 2517 et
3203 2476 3329 2518 non
3357 2459 3407 2519 si

2068 2553 2466 2630 praeteribunt
2491 2585 2508 2600 ·
2824 2560 2985 2609 neret
3011 2551 3300 2628 perfodire

2067 2646 2207 2705 ⁸⁶De
2216 2647 2308 2707 die
2317 2646 2618 2706 autemilla
2629 2645 2772 2707 etho
2825 2642 3070 2702 domum
3099 2662 3266 2704 suam
3289 2677 3304 2693 ·

2066 2759 2133 2799 ra
2159 2758 2338 2800 nemo
2366 2742 2474 2800 scit
2496 2772 2511 2788 ·
2576 2743 2726 2818 neqS
2825 2736 3031 2795 “Ideo
3060 2747 3119 2796 et
3146 2755 3255 2798 uos
3283 2748 3468 2801 estote

2068 2833 2258 2911 angeli
2280 2833 2581 2893 caelorum
2605 2867 2618 2881 ·
2824 2830 3006 2905 parati
3037 2867 3050 2880 -
3117 2831 3254 2907 quia
3283 2850 3400 2909 qua

2068 2945 2259 3003 neque
2288 2927 2437 2986 filius
2497 2927 2608 2986 nisi
2652 2979 2660 2986 .
2827 2921 2972 2982 hora
3001 2941 3125 2982 non
3146 2927 3398 3000 speratis

2065 3028 2229 3096 pater
2257 3020 2418 3081 solus
2440 3051 2455 3067 .
2481 3053 2496 3067 .
2825 3015 2974 3074 filius
3003 3016 3256 3078 hominis
3288 3037 3404 3079 uen

2064 3112 2110 3147 ⁸⁷
2128 3113 2290 3174 Sicut
2316 3123 2512 3173 autem
2541 3114 2602 3172 in
2631 3112 2724 3173 die
2822 3119 2987 3170 turus
3021 3120 3148 3170 est·
3174 3138 3256 3163 m

2063 3208 2175 3267 bus
2203 3226 2320 3267 noe
2342 3239 2357 3254 ·
2419 3209 2510 3267 Ita
2537 3207 2642 3266 erit
2663 3208 2741 3267 ad
2789 3200 2867 3236 *⁴⁶
2884 3203 3034 3276 Quis
3060 3204 3218 3262 enim
3245 3214 3336 3266 est
3361 3205 3477 3266 fide

2062 3312 2274 3361 uentus
2302 3301 2380 3360 fili
2409 3300 2662 3361 hominis
2684 3332 2699 3347 ·
2786 3296 2891 3356 *lis
2919 3315 3120 3357 seruus
3146 3307 3206 3357 et

2062 3393 2107 3428 ⁸⁸
2126 3395 2285 3454 Sicut
2304 3397 2463 3453 enim
2489 3404 2654 3454 erant
2679 3395 2741 3453 in
2785 3387 3076 3468 *prudens
3101 3408 3281 3467 quem

2063 3487 2268 3547 diebus
2288 3499 2422 3568 ante
2444 3488 2710 3547 diluuiu‘
2728 3519 2743 3535 ·
2785 3481 3119 3544 *constituit
3146 3484 3258 3542 dns

2062 3580 2486 3640 manducantes
2514 3592 2570 3640 et
2602 3581 2661 3640 bi
2784 3575 2960 3638 *suus
2981 3608 2997 3625 ·
3057 3595 3228 3655 super
3257 3579 3339 3639 do

2060 3676 2269 3735 bentes
2292 3700 2307 3715 ·
2365 3677 2650 3734 nubentes
2783 3669 2982 3729 *mum
3009 3688 3175 3729 suam
3199 3702 3214 3717 ·
3276 3682 3340 3732 ut

2062 3778 2122 3829 et
2138 3779 2387 3844 nuptum
2405 3768 2766 3828 tradentes·—
2782 3762 2917 3821 *det
2937 3763 3101 3822 cibos
3128 3763 3191 3823 in
3216 3773 3340 3824 tem

2060 3880 2244 3938 usque
2269 3863 2331 3920 in
2357 3861 2452 3920 die
2481 3864 2684 3937 quain
2784 3853 2962 3934 *pore
2986 3888 3000 3903 ·
3043 3857 3088 3890 ⁴⁷
3106 3857 3318 3918 Beatus

2060 3956 2231 4014 tmuit
2257 3973 2370 4014 noe
2399 3954 2461 4012 in
2487 3973 2622 4015 arca
2641 3987 2656 4002 ·
2821 3967 3024 4010 seruus
3051 3950 3146 4008 ille
3176 3969 3356 4029 quem

2062 4048 2107 4082 ⁸⁹
2124 4058 2183 4107 et
2201 4067 2323 4108 non
2340 4058 2744 4126 cognouerunt
2820 4044 3063 4104 ueniens
3096 4044 3208 4106 dfis
3236 4046 3363 4110 eius

2065 4141 2260 4202 donec
2287 4143 2448 4202 uenit
2476 4143 2745 4202 diluuiu*
2821 4139 3039 4196 inuenit
3068 4137 3364 4198 faciente-

2065 4245 2123 4295 et
2150 4235 2278 4296 tulit
2305 4253 2518 4297 omnes
2541 4268 2555 4283 ·
2826 4232 2912 4292 sic
2936 4263 2951 4279 ·
3009 4231 3055 4268 ⁴⁸
3073 4233 3268 4294 Amen
3296 4233 3428 4297 dico

3187 4357 3224 4400 1⁸·
