4373 5048
748 212 837 289 46

778 336 933 388 lectio
948 336 1163 389 secontia
1186 338 1249 389 ad
1266 339 1454 389 Fontes

436 413 561 463 1-''01-
582 412 699 462 311-
746 417 851 475 tibi
880 435 1094 494 aquam
1118 418 1317 477 uiuam
1336 450 1351 465 ·

746 508 791 542 ¹¹
801 508 960 571 Dicit
980 512 1061 571 illi
1082 513 1287 572 mulier
1304 512 1421 575 diie
1434 544 1449 560 ·

746 622 977 682 nequae
1004 606 1321 667 hauritoria

744 696 930 758 habes
998 710 1057 760 et
1088 710 1299 777 puteus

746 792 897 852 altus
925 803 1016 853 est
1083 794 1242 853 unde
1269 814 1335 855 er

745 904 827 962 go
854 886 1035 946 habes
1063 906 1277 965 aquam
1304 890 1365 948 ui

744 996 885 1038 uam
905 1012 919 1027 ·
984 978 1031 1013 ¹²
1045 982 1337 1058 numquid

741 1081 807 1131 tu
834 1075 1023 1134 maior
1048 1092 1111 1135 es
1139 1087 1302 1153 patre

743 1177 947 1227 nostro
974 1169 1148 1229 iacob
1176 1172 1275 1247 qui

741 1263 915 1321 nobis
943 1262 1103 1322 dedit
1129 1269 1307 1341 puteii

742 1354 900 1415 hunc
925 1387 939 1403 ·
1000 1366 1059 1416 et
1086 1358 1211 1434 ipse
1239 1376 1313 1416 ex
1347 1376 1422 1418 eo

740 1448 887 1507 bibit
915 1460 974 1509 et
1000 1450 1100 1508 filii
1128 1451 1253 1509 eius

566 1599 578 1611 ,
660 1597 690 1613 ,,
743 1552 801 1601 et
821 1561 1037 1620 pecora
1058 1544 1185 1604 eius
1205 1558 1219 1573 ·
1246 1554 1261 1569 ·

456 1598 719 1731 &W
741 1636 1217 1715 ¹’Responditihs
1229 1647 1288 1697 et
1298 1638 1444 1698 dixit

742 1731 824 1791 illi
843 1763 857 1779 ·
945 1730 1160 1792 Omnis
1189 1732 1289 1809 qui
1314 1732 1376 1789 bi

741 1826 844 1885 bet
870 1824 945 1884 de
974 1843 1129 1903 aqua
1154 1825 1264 1883 ista
1292 1825 1387 1885 siti

742 1918 1033 1978 etiterum
1057 1948 1072 1964 ·
1132 1936 1275 1976 nam

742 2012 844 2088 qui
872 2012 1080 2070 biberit
1106 2010 1181 2069 de
1209 2028 1363 2088 aqua

739 2121 920 2183 quam
948 2122 1062 2181 ego
1090 2103 1311 2163 dedero
1336 2104 1415 2163 illi

741 2216 865 2258 non
886 2198 1039 2257 sitiet
1059 2198 1121 2257 in
1138 2208 1442 2258 aeterna*-

741 2328 789 2365 ¹⁴
806 2328 923 2390 Sed
951 2348 1103 2408 aqua
1129 2348 1307 2407 quam
1333 2329 1409 2390 de

744 2425 885 2485 dero
913 2424 991 2483 illi
1018 2424 1117 2485 fiet
1144 2426 1206 2483 in
1235 2442 1369 2483 eum

2020 207 2494 284 SECUNDIJ·

1502 414 1617 475 hoc
1644 432 1782 475 uere
1810 416 2005 477 dixisti
2023 449 2039 464 ·

1502 508 1718 569 ¹⁹Dicit
1742 510 1796 569 ei
1826 511 2032 571 mulier
2059 512 2175 572 dne

1500 602 1675 662 uideo
1703 606 1841 680 quia
1871 604 2040 682 prose

1502 705 1562 755 ta
1587 714 1653 755 es
1680 707 1743 755 tu
1803 694 1850 729 ’⁰
1864 708 2059 773 patres

1500 790 1684 849 nostri
1713 790 1774 848 in
1802 801 2005 851 monte

1504 881 1621 942 hoc
1648 882 2039 944 adorauerunt

1500 973 1579 1035 Et
1605 994 1716 1035 uos
1745 976 1931 1037 dicitis
1959 979 2097 1055 quia

1497 1070 1561 1126 in
1590 1068 1934 1129 hierusalem
1961 1083 2050 1132 est

1494 1161 1659 1222 locus
1686 1164 1787 1222 ubi
1812 1165 1997 1225 adora

1494 1274 1557 1315 re
1585 1266 1815 1333 oportet
1835 1290 1850 1305 ·

1492 1346 1711 1410 ²¹Dicit
1740 1352 1819 1409 illi
1850 1351 1938 1411 ihs
1966 1352 2137 1413 crede

1498 1444 1643 1503 mihi
1672 1444 1878 1504 mulier
1905 1452 2048 1523 qfim

1492 1539 1691 1597 ueniet
1717 1539 1863 1598 hora
1880 1570 1894 1585 ·
1960 1558 2115 1617 quan

1494 1632 1575 1690 do
1605 1650 1795 1710 neque
1824 1632 1884 1691 in
1912 1643 2113 1693 monte

1493 1726 1606 1783 isto
1630 1751 1645 1767 ·
1717 1744 1908 1804 neque
1937 1727 1998 1784 in
2025 1712 2087 1784 hi

1492 1817 1833 1897 erosolymis
1858 1820 1975 1879 ado

1492 1912 1691 1971 rabitis
1718 1922 1944 1991 patrem
1967 1945 1981 1961 ·

1490 2002 1535 2040 ’²
1553 2005 1681 2066 Uos
1709 2006 1961 2066 adoratis
1990 2008 2149 2086 quod

1494 2100 1764 2159 nescitis·
1817 2099 1949 2160 Nos
1978 2102 2055 2160 ad

1492 2210 1726 2253 oramus
1753 2194 1915 2272 quod
1944 2195 2028 2253 sci

1492 2344 1624 2386 mus
1643 2357 1657 2373 ·
1718 2332 1862 2403 qiim
1891 2325 2044 2385 salus
2072 2345 2145 2386 ex

1490 2420 1710 2485 iudaeis
1738 2430 1825 2479 est
1846 2451 1861 2467 ·
1902 2416 1947 2454 ²⁸
1966 2420 2082 2480 Sed
2096 2439 2169 2479 ue

741 2518 876 2580 fons
897 2537 1086 2597 aquae
1110 2518 1290 2579 salien
1348 2539 1469 2592 finet
1493 2514 1613 2574 niet
1639 2514 1785 2574 hora
1812 2523 1870 2574 et
1898 2534 2057 2576 nunc

742 2614 813 2673 tis
835 2615 898 2672 in
918 2615 1099 2673 uitam
1119 2619 1355 2673 aeterna
1376 2618 1439 2678 ··l·

736 2706 948 2768 ¹⁸Dicit
965 2707 1039 2767 ad
1056 2725 1192 2766 eum
1208 2707 1437 2765 mulier·

736 2800 853 2861 dfie
881 2801 960 2860 da
985 2800 1129 2859 mihi
1158 2800 1232 2860 de
1257 2818 1413 2877 aqua

735 2894 847 2954 hac
874 2903 939 2953 ut
966 2911 1090 2953 non
1118 2893 1309 2952 sitiam

736 3007 928 3065 neque
955 2988 1192 3046 ueniam
1219 2987 1335 3047 huc

736 3081 965 3141 haurire
983 3112 997 3127 ·
1059 3079 1103 3114 ¹⁸
1122 3081 1260 3140 dicit
1286 3080 1367 3139 illi

736 3175 828 3235 ihs
853 3174 1001 3234 uade
1031 3192 1182 3234 uoca
1208 3175 1337 3234 uitii

736 3278 902 3328 tuum
928 3279 987 3327 et
1014 3269 1151 3328 ueni
1177 3267 1292 3327 huc
1310 3299 1325 3314 ·

736 3362 783 3396 ¹⁷
801 3362 1133 3440 Respondit
1158 3361 1363 3420 mulier

734 3458 936 3517 dicens
964 3474 1088 3515 non
1116 3456 1308 3514 habeo

712 3551 923 3610 'uirum
946 3580 961 3596 ·
1019 3548 1179 3608 Dicit
1206 3548 1286 3606 illi

734 3644 826 3704 ihs
849 3675 865 3692 ·
923 3644 1072 3703 bene
1101 3642 1295 3700 dixisti

733 3738 873 3816 quia
898 3737 1088 3796 uirum
1114 3753 1239 3795 non
1265 3734 1344 3795 ha

728 3833 845 3892 beo
868 3863 884 3878 ·
948 3829 992 3864 ¹⁸
1009 3829 1266 3906 quinque
1292 3835 1391 3888 eni

727 3925 889 3984 uiros
916 3923 1125 3983 abuisti
1147 3953 1161 3968 ·
1222 3930 1282 3982 et

728 4037 885 4080 nnnc
914 4035 1090 4095 quem
1117 4015 1299 4076 habes

726 4131 851 4174 non
878 4123 967 4173 est
990 4111 1077 4172 uir
1103 4119 1233 4170 tuus

1488 2618 1577 2668 est
1597 2625 1734 2669 cum
1758 2609 1882 2668 ueri
1910 2610 2093 2670 adora

1490 2712 1643 2763 tores
1670 2703 1996 2762 adorabunt

1487 2807 1712 2873 patrem
1740 2797 1803 2855 in
1830 2802 1942 2874 spu
1968 2805 2119 2856 etue

1488 2891 1650 2949 ritate
1675 2921 1689 2937 ·
1756 2889 1915 2949 Narn
1943 2899 2001 2949 et
2026 2907 2107 2966 pa

1486 2993 1572 3044 ter
1598 2983 1740 3043 tales
1768 2993 2003 3061 quaeret

1485 3078 1584 3154 qui
1613 3077 1859 3136 adorent
1884 3095 2022 3135 eum
2039 3107 2055 3124 ·

1484 3167 1641 3245 “sps
1663 3181 1753 3229 est
1771 3170 1839 3228 ds
1858 3200 1872 3215 ·
1904 3168 1981 3228 Et
1993 3170 2093 3246 qui
2110 3169 2185 3228 ad

1487 3273 1657 3322 orant
1683 3263 1844 3321 illum
1866 3293 1880 3309 ·
1942 3279 2089 3339 opor

1488 3364 1569 3415 tet
1598 3355 1727 3415 illos
1755 3356 1817 3414 in
1844 3361 1956 3432 spu
1982 3363 2041 3414 et
2066 3374 2141 3415 ue

1485 3450 1651 3508 ritate
1681 3450 1924 3508 adorare
1948 3479 1962 3495 ·

1484 3541 1696 3603 “Dicit
1712 3543 1791 3602 illi
1807 3543 2012 3602 mulier
2032 3543 2155 3602 scio

1482 3643 1627 3715 qfim
1654 3637 1896 3696 messias
1922 3637 2082 3695 uenit

1485 3732 1586 3809 qui
1614 3731 1820 3792 dicitur
1848 3735 1960 3807 xps
1979 3761 1993 3776 ·
2028 3729 2181 3789 Cum

1482 3827 1706 3885 uenerit
1734 3826 1859 3902 ipse
1888 3825 2086 3883 adnun

1482 3918 1647 3978 tiabit
1673 3919 1846 3978 nobis
1875 3917 2074 3976 omnia
2096 3948 2111 3963 ·

1483 4011 1685 4072 ²⁸Dicit
1702 4013 1781 4071 illi
1792 4012 1881 4071 ihs
1901 4029 2016 4087 ego
2025 4028 2156 4070 sum

1476 4107 1580 4185 qui
1607 4117 1800 4168 tecum
1826 4105 2036 4184 loquor

2299 415 2346 451 ¹⁷
2361 417 2438 479 Et
2465 418 2746 479 continuo
2774 436 2948 497 super
3051 418 3212 480 Ecce
3240 419 3372 481 dico
3397 423 3570 483 uobis
3653 424 3709 484 le
3797 431 3928 481 rol.
3949 431 4084 480 812.

2299 519 2583 571 uenerunt
2611 513 2838 590 discipu

2299 604 2338 663 li
2366 606 2490 665 eius
2511 636 2526 651 ·
2585 606 2665 673 Et
2695 607 2919 667 admira

2297 698 2506 757 bantur
2533 700 2670 777 quia
2696 718 2832 759 cum

2295 792 2535 852 muliere
2618 793 2793 870 loque

2295 885 2466 945 batur
2487 917 2502 933 ·
2545 903 2725 945 nemo
2753 896 2816 946 ta

2294 996 2431 1037 men
2459 980 2606 1038 dixit
2630 980 2771 1058 quid
2798 998 2914 1058 que

2293 1072 2371 1131 ris
2439 1081 2538 1131 aut
2558 1073 2698 1151 quid
2723 1074 2856 1152 1qu

2293 1164 2372 1224 ris
2407 1184 2547 1225 cum
2577 1167 2704 1226 illa·
2751 1165 2967 1230 ·l·¹⁸reli

2292 1259 2418 1334 quit
2445 1276 2586 1335 ergo
2613 1260 2817 1319 mulier

2291 1352 2590 1411 uasculum
2619 1371 2788 1413 suum
2807 1385 2821 1400 ·

2291 1453 2349 1503 et
2378 1446 2518 1504 abiit
2547 1447 2610 1504 in
2637 1448 2935 1507 ciuitate--

2290 1549 2349 1597 et
2377 1539 2515 1598 dicit
2543 1539 2876 1600 hominibus
2901 1573 2915 1587 ·

2290 1629 2334 1665 ⁸⁹
2351 1632 2563 1692 Uenite
2591 1634 2784 1694 uidete
2813 1635 2977 1694 homi

2290 1744 2429 1785 nem
2458 1727 2662 1785 omnia
2690 1746 2840 1804 quae
2869 1728 2923 1788 se

2289 1820 2342 1880 ci
2373 1820 2518 1879 dixit
2547 1820 2690 1879 mihi
2767 1840 2911 1881 num

2287 1913 2428 1989 quid
2454 1914 2550 1973 ille
2581 1924 2668 1973 est
2697 1921 2808 1992 xps
2831 1947 2847 1962 ·

2292 2005 2619 2066 ³⁰Exierunt
2636 2008 2828 2085 itaque
2847 2008 2919 2069 de
2939 2010 2994 2069 ci

2291 2100 2468 2159 uitate
2496 2110 2554 2160 et
2581 2103 2892 2163 ueniebant

2293 2194 2368 2253 ad
2386 2211 2522 2253 eum
2546 2226 2560 2241 ·
2577 2228 2591 2241 ·
2615 2194 2658 2229 ⁸¹
2671 2196 2832 2255 Inter
2850 2197 2994 2258 haec

2293 2332 2488 2382 autem
2516 2327 2804 2401 rogabant

2292 2434 2428 2475 eum
2456 2418 2722 2495 discipuli
2750 2420 2838 2479 sui

2293 2510 2554 2570 dicentes
2636 2513 2802 2572 rabbi

2291 2605 2584 2665 manduca
2607 2636 2622 2652 ·
2686 2605 2730 2639 ⁸⁸
2747 2617 2804 2666 et
2831 2608 2974 2668 dixit

2292 2698 2398 2756 illis
2426 2716 2542 2775 ego
2570 2699 2765 2759 cibum
2794 2701 2872 2761 ha

2289 2792 2405 2852 beo
2432 2793 2592 2870 quod
2620 2793 2842 2852 mandu

2287 2903 2419 2944 care
2449 2904 2624 2963 quem
2651 2905 2760 2947 uos
2788 2907 2911 2948 non

2287 2980 2470 3038 nostis
2490 3010 2504 3025 ·
2563 2980 2606 3012 ⁸⁸
2624 2981 2896 3042 dicebant

2288 3081 2484 3132 autem
2511 3073 2778 3151 discipuli
2805 3077 2929 3135 eius

2289 3167 2437 3225 inter
2465 3184 2528 3226 se
2609 3186 2684 3226 ne
2712 3168 2918 3247 aliquis

2288 3259 2495 3319 attullit
2523 3260 2601 3319 illi
2631 3264 2856 3322 mandu

2287 3371 2420 3413 care
2443 3385 2458 3400 ·
2522 3354 2567 3386 ³⁴
2590 3353 2747 3414 Dicit
2775 3356 2886 3417 illis

2287 3445 2376 3504 ihs
2458 3465 2591 3506 mea
2618 3457 2707 3507 est
2734 3467 2872 3509 esca

2286 3549 2352 3599 ut
2379 3538 2588 3599 faciam
2616 3542 2858 3603 uolunta

2287 3644 2405 3692 tem
2434 3635 2556 3693 eius
2585 3637 2682 3712 qui
2710 3654 2806 3696 me
2835 3637 2916 3696 mi

2285 3727 2359 3786 sit
2386 3736 2444 3786 et
2470 3727 2768 3804 perficiam
2797 3749 2835 3790 o

2285 3839 2397 3898 pus
2426 3823 2548 3881 eius
2571 3852 2586 3868 ·
2611 3853 2626 3870 ·
2689 3823 2734 3858 ⁸⁵
2751 3823 2971 3887 Nonne

2284 3931 2394 3974 uos
2423 3914 2608 3974 dicitis
2636 3917 2774 3994 quia
2801 3919 2876 3978 ad

2283 4007 2398 4068 huc
2427 4009 2802 4085 quadrimens

2285 4111 2370 4161 tre
2398 4111 2486 4161 est
2514 4113 2572 4162 et
2601 4105 2806 4166 messis
2831 4125 2907 4167 ue

2773 4201 2858 4258 nit

3429 234 3542 299 [lv.
3573 252 3758 303 ¹0·⁴³·

3050 524 3185 573 uate
3213 515 3420 575 oculos
3446 528 3664 577 uestr⁰s

3047 616 3108 665 et
3134 608 3401 685 inspicite
3428 611 3592 688 regio

3048 717 3156 759 nes
3184 702 3322 778 quia
3348 703 3514 763 albae
3542 715 3680 765 sunt

3049 793 3122 853 ad
3151 812 3408 855 messem
3431 828 3445 844 ·
3505 798 3722 859 ³‘nunc

3046 888 3144 964 qui
3172 898 3349 948 metet
3375 908 3570 952 merce

3046 979 3184 1039 dem
3213 983 3427 1060 accipit
3453 994 3511 1043 et
3539 986 3634 1045 col

3045 1072 3168 1149 ligit
3195 1074 3443 1135 fructum
3472 1078 3534 1136 in
3551 1079 3610 1137 ui

3043 1175 3166 1225 tam
3193 1179 3492 1229 aeternam
3515 1202 3530 1217 ·
3593 1184 3660 1232 ut

3045 1270 3105 1319 et
3132 1262 3230 1337 qui
3259 1264 3508 1323 seminat
3533 1266 3658 1342 pari

3047 1362 3134 1412 ter
3160 1355 3413 1430 gaudeat
3493 1370 3553 1418 et
3585 1360 3686 1437 qni

3045 1457 3222 1506 metet
3240 1480 3255 1495 ·
3320 1450 3368 1483 ³⁷
3384 1451 3456 1510 In
3487 1451 3603 1513 hoc
3631 1460 3730 1513 eni

3044 1549 3133 1599 est
3159 1544 3405 1601 uerbum
3433 1547 3555 1604 ueri

3043 1634 3176 1693 tatis
3197 1665 3212 1681 ·
3277 1642 3420 1713 qum
3449 1638 3595 1698 alius

3044 1735 3132 1786 est
3158 1728 3258 1805 qui
3285 1731 3534 1790 seminat
3556 1743 3616 1792 et

3041 1820 3186 1879 alius
3214 1821 3312 1898 qui
3340 1834 3520 1884 metet
3537 1856 3552 1871 ·

3043 1911 3220 1989 ²*¹⁵Eg0
3237 1916 3368 1975 misi
3379 1934 3487 1977 uos
3497 1928 3716 1980 metere

3044 2008 3206 2083 quod
3235 2026 3358 2067 non
3385 2028 3493 2070 uos
3522 2012 3658 2073 labo

3045 2101 3212 2160 rastis
3234 2133 3250 2148 ·
3317 2104 3434 2163 Alii
3461 2104 3598 2165 labo

3042 2207 3315 2254 rauerunt
3385 2206 3444 2257 et
3470 2217 3581 2259 uos

3042 2328 3104 2387 in
3131 2329 3425 2391 laboribus
3452 2346 3645 2393 eoru-

3041 2422 3319 2485 introistis
3337 2456 3354 2473 ·

3042 2515 3181 2578 ⁸⁹De
3193 2518 3428 2580 ciuitate
3439 2531 3632 2582 autern
3645 2522 3744 2586 illa

3042 2611 3206 2670 multi
3235 2614 3600 2676 crediderunt

3041 2704 3104 2762 in
3131 2724 3267 2764 eum
3294 2709 3648 2769 samaritano

3041 2815 3169 2856 rum
3197 2811 3438 2877 propter
3469 2820 3573 2861 uer

3040 2892 3182 2951 bum
3211 2895 3464 2954 mulieris
3491 2915 3644 2974 quae

3037 2987 3430 3047 testimonium
3458 2989 3590 3050 dice

3039 3079 3140 3138 bat
3207 3082 3344 3156 quia
3371 3081 3516 3142 dixit
3536 3084 3681 3146 mihi

3038 3174 3241 3233 omnia
3267 3194 3418 3252 quae
3447 3177 3561 3237 feci
3579 3209 3595 3224 ·

3037 3265 3167 3326 ⁴⁰Et
3187 3285 3321 3328 cum
3341 3272 3642 3332 uenissent
3662 3274 3740 3333 ad

3037 3379 3175 3420 eum
3203 3365 3534 3424 samaritani

3038 3468 3393 3532 rogauerunt
3420 3477 3556 3518 eum
3583 3471 3648 3520 ut

3037 3549 3117 3608 ibi
3144 3562 3404 3610 maneret
3425 3583 3439 3599 ·
3490 3553 3570 3614 Et
3597 3573 3738 3615 man

3039 3643 3112 3702 sit
3129 3644 3204 3703 ibi
3223 3645 3404 3706 biduo
3427 3678 3442 3694 ·
3465 3648 3508 3681 ⁴¹
3519 3648 3599 3709 Et
3614 3651 3736 3709 mul

3039 3737 3080 3796 ti
3108 3739 3476 3801 crediderunt
3503 3755 3647 3822 prop

3036 3840 3124 3890 ter
3149 3834 3395 3892 uerbum
3422 3837 3548 3896 eius
3567 3868 3583 3884 ·

3035 3923 3371 3987 “Dicebant
3385 3939 3580 3990 autem
3597 3933 3739 3993 muli

3037 4021 3137 4078 eri·
3201 4020 3450 4099 quiafam
3479 4044 3602 4086 non

3039 4122 3279 4188 propter
3305 4122 3470 4173 tuum
3496 4133 3590 4178 ser
