4373 5048
483 497 607 549 rol.
630 496 753 549 215.

748 3611 761 3624 '
786 3624 1048 3674 ternam·
1107 3613 1185 3673 Et
1214 3615 1274 3672 in

796 310 883 391 48
2095 310 2503 376 SECUND-

796 485 991 546 Amen
1020 484 1155 546 dico
1181 486 1353 545 uobis
1371 514 1387 533 ο
1501 482 1532 517 ¹⁸¹
1549 480 1807 563 ”Amen
1841 500 2014 543 amen
2041 480 2177 544 dico

795 597 917 640 non
945 580 1138 657 potes¹⁵
1164 578 1314 638 filius
1341 578 1483 656 quiq
1500 580 1531 615 *
1550 578 1719 637 uobis
1788 577 1925 655 quia
1950 595 2026 637 ue

794 690 975 749 quam
1002 672 1191 732 facere
1220 674 1297 732 ab
1325 690 1389 732 se
1501 664 1531 699 *
1554 672 1672 731 niet
1699 671 1845 731 hora
1867 703 1880 717 ·
1912 680 1971 731 et
1998 689 2157 731 nunc

793 767 907 825 nisi
931 766 1139 826 uiderit
1165 772 1332 844 patre
1497 762 1528 795 *
1546 774 1636 824 est
1656 796 1672 812 ·
1732 765 1972 842 quando

793 858 1105 919 facientem
1124 889 1139 905 ·
1197 878 1349 936 quae
1494 857 1524 892 *
1543 859 1755 917 mortui
1780 858 2016 919 audient

1541 969 1753 1012 uocem
1784 950 1865 1011 fili
1891 952 1953 1011 di
1974 983 1989 999 ·
2049 962 2108 1013 et

1542 1045 1644 1123 qui
1672 1046 1952 1105 audierint

1542 1139 1740 1198 uiuent
1756 1170 1772 1185 ·
1834 1136 1879 1172 ¹⁸
1898 1140 2062 1200 Sicut
2135 1156 2140 1160 ·

1542 1233 1700 1290 enim
1728 1240 1892 1309 pater
1917 1233 2094 1293 habet

1540 1326 1723 1385 uitam
1745 1356 1760 1372 ·
1812 1325 1911 1385 Sic
1938 1327 2099 1387 dedit

1540 1427 1599 1477 et
1625 1418 1749 1480 filio
1774 1420 1957 1479 uitam
1983 1422 2044 1481 in

1542 1530 1606 1571 se
1636 1512 1847 1573 habere
1867 1545 1881 1560 ·
1940 1511 1985 1547 '²
2002 1514 2078 1575 Et
2104 1533 2186 1594 po

1540 1615 1805 1666 testatem
1833 1607 1989 1667 dedit

1542 1699 1620 1759 illi
1649 1709 1706 1759 et
1734 1701 2011 1760 iudicium
2038 1701 2097 1762 sa

1542 1793 1735 1853 ciendi
1756 1824 1771 1840 ·
1834 1796 1971 1870 quia
1996 1795 2077 1854 fili

1540 1904 1611 1947 us
1638 1898 1726 1947 est
1753 1887 2009 1965 hominis
2032 1920 2046 1936 ·

1540 1976 1585 2013 ²⁸
1601 1981 1781 2040 nolite
1807 1982 2003 2041 mirari
2029 1982 2143 2043 hoc
2164 2016 2178 2032 ·

1542 2072 1700 2146 Quia
1725 2074 1920 2134 ueniet
1946 2076 2091 2136 hora
2112 2108 2129 2124 ·

1540 2168 1601 2226 in
1630 2185 1750 2246 qua
1774 2169 1967 2229 omnis
1995 2170 2097 2246 qui

794 950 953 1012 enim
980 954 1103 1029 ipse
1130 952 1266 1013 facit
1293 953 1438 1013 eade

794 1056 852 1105 et
882 1046 1033 1105 filius
1060 1046 1319 1106 similiter
1345 1046 1405 1107 sa

794 1140 875 1199 cit
894 1171 910 1187 ·
972 1138 1019 1173 ²⁰
1034 1151 1197 1217 pater
1223 1143 1383 1200 enirn
1409 1141 1472 1201 di

790 1232 919 1309 ligit
944 1233 1126 1293 filium
1152 1244 1211 1294 et
1238 1235 1438 1296 omnia

792 1328 848 1386 ei
874 1328 1128 1387 ostendit
1155 1347 1303 1406 quae
1332 1328 1458 1407 ipse

790 1420 933 1481 facit
958 1452 973 1469 ·
1030 1421 1108 1482 Et
1133 1424 1357 1483 maiora
1382 1424 1475 1484 his

792 1514 1061 1575 ostendet
1086 1517 1141 1575 ei
1168 1527 1332 1593 pater

791 1618 856 1668 ut
881 1626 993 1668 uos
1020 1609 1385 1670 admiremini
1406 1642 1421 1657 ·

787 1700 1157 1774 ¹¹Quomodo
1168 1704 1321 1763 enim
1332 1714 1495 1781 pater

790 1799 1028 1857 suscitat
1046 1807 1309 1858 mortuos

789 1899 849 1951 et
876 1890 1133 1950 uiuificat
1155 1921 1169 1937 ·
1231 1889 1323 1950 Ita
1349 1899 1409 1951 et

789 1982 940 2043 filius
968 2000 1119 2060 quos
1146 1984 1269 2043 uult
1294 1985 1355 2043 ui

786 2077 984 2136 nificat
1002 2108 1018 2123 ·
1080 2072 1283 2136 ¹'Non
1311 2078 1469 2138 enim

787 2180 956 2248 pater
982 2170 1199 2230 iudicat
1225 2190 1402 2248 quem

790 2282 971 2342 quam
988 2294 1003 2311 ·
1066 2264 1184 2324 Sed
1208 2266 1424 2325 iudiciii

1541 2392 1754 2454 suerint
1778 2395 1841 2453 in
1868 2413 2050 2454 monu

1542 2498 1743 2548 mento
1772 2490 2006 2549 audient
2038 2506 2117 2550 uo

1540 2600 1670 2642 cem
1697 2584 1849 2642 illius
1905 2581 2023 2642 ”et
2050 2584 2220 2662 prodi

1541 2685 1642 2735 ent
1664 2707 1678 2723 ·
1740 2687 1798 2736 et
1824 2678 1925 2755 qui
1953 2679 2113 2738 bona

1539 2780 1843 2847 gesserunt
1870 2773 1931 2830 in
1958 2789 2123 2830 resur

1537 2864 1856 2923 rectionem
1881 2867 2034 2924 uitae
2058 2896 2073 2911 ·

1538 2957 1641 3034 qui
1668 2967 1864 3016 autem
1890 2959 2047 3018 mala
2075 2958 2137 3017 in

1538 3052 2021 3112 resurrectionem

1537 3145 1734 3204 iudicii
1758 3177 1772 3192 ·
1818 3146 1863 3178 ⁸⁰
1880 3145 2021 3205 Non
2038 3153 2222 3224 possit

1537 3255 1653 3314 ego
1682 3256 1717 3297 a
1743 3255 1839 3297 me
1868 3240 1998 3316 ipso
2026 3239 2217 3300 facere

1537 3331 1855 3409 quicquam
1876 3363 1889 3378 ·
1958 3332 2072 3392 Sed
2104 3335 2151 3394 si

1487 3431 1493 3438 '
1539 3434 1637 3486 cut
1663 3425 1839 3484 audio
1867 3426 2065 3486 iudico
2083 3459 2098 3474 ·

1536 3517 1613 3576 Et
1640 3518 1918 3579 iudicium
1955 3538 2155 3580 meum

1536 3613 1753 3672 iustum
1780 3624 1869 3673 est
1889 3645 1903 3661 ·
1975 3615 2114 3693 quia

1537 3723 1663 3765 non
1690 3726 1874 3785 quero
1904 3708 2085 3767 uolun

1535 3810 1710 3861 tatem
1738 3821 1933 3862 meam
1954 3833 1969 3850 ·
2036 3802 2153 3862 Sed

1532 3897 1891 3957 uoluntatem
1919 3897 2044 3955 eius

1534 3991 1635 4066 qui
1653 4008 1749 4050 me
1766 3991 1917 4048 misit
1932 4021 1945 4035 ·
1966 3988 2074 4048 ³¹Si
2092 4007 2205 4064 ego

1531 4084 1928 4144 testimonium
1955 4083 2089 4144 dico

790 2414 969 2456 omne
996 2396 1157 2456 dedit
1184 2396 1300 2457 filio
1324 2430 1337 2443 ·

785 2490 912 2551 ¹¹‘ut
939 2508 1145 2550 omnes
1174 2489 1423 2552 honorifi

790 2593 927 2644 cent
955 2584 1135 2643 filium
1156 2615 1169 2630 ·
1228 2583 1391 2644 Sicut

789 2677 1139 2738 honorificat
1165 2683 1327 2756 patre

791 2769 914 2844 Qui
931 2771 1281 2832 honorificat
1300 2772 1485 2831 filiu--

789 2864 1133 2925 honorificat
1158 2875 1387 2941 patrem

788 2960 891 3035 qui
916 2976 1051 3018 eum
1072 2959 1227 3020 misit
1249 2989 1261 3006 ·

786 3048 1025 3111 “Amen
1053 3070 1225 3112 amen
1251 3053 1388 3112 dico

787 3146 957 3204 uobis
982 3174 997 3190 ·
1017 3177 1031 3190 ·
1096 3147 1235 3222 quia
1262 3149 1363 3224 qui

786 3239 1029 3297 uerbum
1058 3257 1253 3298 meum

784 3333 948 3394 audit
968 3364 982 3379 ·
1041 3332 1120 3393 Et
1150 3333 1349 3394 credet

785 3427 842 3485 ei
869 3427 970 3503 qui
999 3445 1093 3485 me
1119 3427 1276 3487 misit
1307 3459 1319 3474 ·

786 3519 962 3580 habet
986 3521 1167 3579 uitam
1193 3540 1265 3580 ae

785 3707 1001 3769 iudicio
1029 3726 1152 3766 non
1179 3726 1255 3770 ue

786 3801 908 3862 niet
989 3802 1094 3862 sed
1121 3811 1281 3862 trans

786 3895 921 3955 sibit
948 3913 984 3954 a
1010 3905 1197 3955 morte

828 4021 842 4036 ·
868 4021 881 4036 ·
934 3991 993 4048 in
1021 3991 1201 4049 uitam
1226 4014 1305 4041 a*

2354 482 2430 542 de
2454 501 2553 542 me
2579 484 2712 561 ipso
2738 485 2870 545 testi

2351 578 2619 637 monium
2645 596 2844 636 meum
2871 596 2995 638 non

2349 680 2437 731 est
2463 690 2669 731 uerum
2693 703 2707 718 ·
2767 670 2812 705 ⁸²
2827 672 2995 733 Alius

2344 775 2436 825 est
2461 766 2561 843 qui
2590 767 2886 826 testimoni

2343 870 2446 916 um
2473 858 2614 919 dicit
2639 859 2714 919 de
2741 878 2835 919 me
2860 890 2875 906 ·
2929 859 3009 920 Et

2345 951 2502 1011 scitis
2528 956 2666 1029 quia
2693 970 2901 1013 uerum

2343 1054 2431 1103 est
2457 1048 2853 1108 testimonium

2343 1139 2506 1214 quod
2532 1140 2867 1200 testificatur

2343 1231 2418 1290 de
2446 1250 2542 1292 me
2565 1265 2580 1280 ·
2643 1234 2688 1267 ⁸³
2707 1235 2836 1295 Uos
2861 1236 2943 1296 mi

2341 1326 2491 1385 sistis
2519 1327 2596 1387 ad
2624 1327 2940 1390 iohannem

2340 1429 2400 1478 et
2427 1421 2823 1481 testimonium

2341 1513 2591 1572 reddidit
2617 1516 2842 1575 ueritati
2860 1548 2876 1563 ·

2340 1604 2519 1683 “Ego
2529 1618 2720 1667 autem
2731 1627 2853 1668 non
2873 1612 2948 1669 ab
2961 1609 3040 1671 ho

2341 1700 2498 1758 mine
2523 1702 2858 1762 testimonii!

2343 1794 2570 1870 accipio
2595 1826 2610 1841 ·
2677 1794 2794 1855 Sed
2819 1796 2930 1857 hec

2341 1887 2476 1946 dico
2504 1897 2568 1946 ut
2593 1906 2703 1947 uos
2731 1889 2892 1949 salue

2340 1980 2482 2039 mini
2500 2012 2515 2028 ·
2579 1978 2738 2041 ⁸⁶Ille
2765 1982 2869 2041 fuit
2898 1983 2957 2042 lu

2340 2093 2516 2135 cerna
2542 2076 2752 2135 ardens
2781 2086 2839 2135 et
2867 2076 2926 2135 lu

2340 2185 2481 2228 cens
2504 2200 2519 2215 ·
2582 2169 2710 2229 Uos
2736 2180 2932 2230 autem

2339 2262 2602 2323 uoluistis
2629 2264 2886 2324 exultare

2342 2392 2417 2451 ad
2445 2392 2654 2453 horam
2681 2394 2743 2453 in
2771 2394 2992 2455 lumine

2340 2486 2464 2546 eius
2483 2518 2498 2534 ·
2559 2486 2722 2564 ³⁸ego
2745 2498 2940 2548 autem
2961 2489 3040 2550 ha

2341 2581 2456 2639 beo
2484 2581 2876 2642 testimonium

2340 2675 2529 2732 maius
2557 2674 2817 2735 iohanne
2839 2706 2854 2722 ·
2897 2695 3012 2754 ope

2340 2787 2405 2828 ra
2432 2768 2590 2827 enim
2617 2785 2770 2844 quae
2799 2770 2956 2830 dedit

2339 2861 2484 2920 mihi
2511 2871 2675 2939 pater
2701 2873 2765 2922 ut
2791 2881 2897 2940 per

2339 2955 2535 3014 ficiam
2561 2956 2658 3016 illa
2723 2957 2852 3033 ipsa
2877 2975 2918 3018 o

2339 3066 2480 3126 pera
2509 3067 2661 3126 quae
2689 3069 2802 3126 ego
2829 3050 2982 3112 facio

2337 3142 2713 3202 testificantur
2739 3144 2813 3203 de
2841 3163 2937 3204 me
2960 3177 2975 3192 ·

2338 3241 2482 3313 qiim
2509 3248 2670 3313 pater
2697 3255 2794 3297 me
2823 3239 3014 3298 misit·

2335 3329 2380 3364 ⁸⁷
2390 3341 2446 3389 et
2463 3331 2564 3408 qui
2591 3331 2744 3390 misit
2763 3349 2856 3392 me
2875 3342 3038 3409 pater

2337 3426 2459 3502 ipse
2487 3425 2819 3485 testificatur

2337 3519 2410 3578 de
2438 3537 2534 3578 me
2557 3551 2572 3566 ·
2631 3518 2879 3597 Nequae
2908 3527 2986 3580 uo

2336 3631 2548 3673 uocem
2574 3615 2698 3673 eius
2725 3625 2996 3692 umqua-

2336 3707 2576 3768 audistis
2597 3739 2611 3754 ·
2675 3707 2884 3786 Neque

2336 3802 2582 3878 figuram
2610 3802 2734 3860 eius
2759 3803 2822 3860 ui

2336 3896 2499 3956 distis
2522 3927 2536 3942 ·
2597 3895 2640 3928 ⁸⁰
2659 3905 2716 3954 et
2742 3895 2976 3955 uerbu-

2335 3990 2460 4048 eius
2487 4008 2612 4049 non
2640 3990 2866 4050 habetis

2334 4094 2671 4144 manentem
2702 4084 2766 4142 in
2793 4101 2873 4143 uo

2334 4178 2424 4240 bis
2444 4210 2457 4226 ·
2520 4180 2656 4258 quia
2682 4196 2861 4257 quem

3501 323 3590 389 [v-
3620 338 3810 395 19-47·

3102 483 3258 543 misit
3285 483 3379 544 ille
3406 483 3544 547 huic
3569 504 3684 549 uos

3101 595 3226 636 non
3253 566 3484 665 creditis
3501 612 3517 626 ·

3099 669 3144 704 ⁸⁹
3164 670 3509 731 Scrutamini
3537 675 3691 753 scrip

3095 774 3254 824 turas
3279 767 3343 825 in
3370 768 3582 845 quibus
3609 787 3692 846 pu

3095 858 3226 918 tatis
3252 877 3362 921 uos
3389 861 3571 921 uitam
3600 880 3670 923 ae

3091 960 3318 1013 ternam
3344 955 3558 1015 habere
3574 987 3590 1002 ·

3095 1044 3264 1106 Haec
3292 1058 3428 1107 sunt
3454 1066 3606 1125 quae
3633 1050 3768 1110 testi

3092 1139 3338 1199 ficantur
3361 1142 3436 1201 de
3463 1161 3560 1202 me
3581 1172 3598 1189 ·

3090 1232 3137 1265 ⁴⁰
3153 1242 3209 1292 et
3239 1252 3361 1294 non
3389 1236 3562 1295 uultis
3591 1238 3792 1298 uenire

3091 1326 3167 1385 ad
3194 1346 3290 1387 me
3317 1339 3380 1387 ut
3407 1331 3586 1389 uitam
3614 1330 3766 1393 habe

3089 1420 3197 1481 atis
3215 1452 3229 1467 ·
3302 1420 3344 1455 ⁴¹
3365 1420 3629 1483 Gloriam

3091 1515 3168 1573 ab
3194 1514 3532 1576 hominibus
3559 1535 3682 1576 non

3091 1609 3318 1685 accipio
3340 1640 3356 1655 ·
3417 1606 3464 1641 ¹²
3483 1610 3762 1687 Cognoui

3087 1701 3248 1759 enim
3273 1720 3386 1762 uos
3411 1704 3552 1781 quia
3576 1722 3700 1763 non

3088 1793 3315 1855 habetis
3335 1796 3646 1857 dilectione

3088 1886 3150 1947 di
3177 1890 3239 1947 in
3265 1891 3434 1950 uobis
3451 1922 3467 1937 ·
3525 1890 3569 1923 ⁴³
3585 1890 3722 1968 Ego

3089 1982 3247 2041 enim
3274 1984 3408 2043 ueni
3437 1984 3498 2043 in
3525 1986 3691 2043 nomi

3089 2093 3166 2134 ne
3193 2078 3372 2153 patris
3400 2078 3516 2136 mei
3542 2088 3600 2137 et
3625 2096 3750 2139 non

3087 2144 3383 2248 recepistis
3411 2190 3507 2230 me
3529 2202 3544 2218 ·
3569 2202 3584 2218 ·

3091 2262 3154 2323 Si
3183 2264 3327 2323 alius
3355 2266 3580 2324 uenerit
3606 2266 3668 2325 in

3089 2396 3327 2455 nomine
3355 2414 3463 2455 suo
3491 2395 3652 2454 illum

3091 2490 3387 2568 accipietis
3406 2523 3419 2538 ·
3447 2523 3460 2539 ·
3500 2490 3546 2523 ⁴⁴
3563 2490 3706 2564 Quo

3087 2585 3271 2643 modo
3299 2585 3540 2662 potestis
3567 2602 3678 2644 uos

3088 2677 3323 2737 credere
3345 2709 3359 2724 ·
3425 2677 3674 2739 Gloria‘·

3087 2772 3163 2829 ab
3189 2771 3441 2830 inuicem
3469 2772 3658 2849 accipi

3087 2873 3250 2927 entes
3273 2895 3288 2911 ·
3351 2863 3430 2924 Et
3457 2865 3706 2942 gloriam

3088 2959 3164 3019 ab
3192 2975 3265 3018 eo
3294 2959 3394 3036 qui
3421 2960 3581 3022 solus
3609 2959 3678 3019 ds

3088 3061 3176 3112 est
3205 3071 3326 3111 non
3353 3055 3588 3130 queritis
3607 3084 3621 3099 ·

3085 3146 3132 3179 ⁴⁸
3152 3145 3344 3206 Nolite
3371 3156 3576 3224 putare
3596 3147 3737 3225 quia

3087 3257 3202 3316 ego
3233 3243 3524 3300 accusabo
3551 3258 3664 3300 uos

3085 3334 3242 3410 apud
3269 3345 3498 3411 patrem
3521 3367 3536 3382 ·
3577 3335 3686 3394 Est

3087 3427 3186 3503 qui
3213 3445 3326 3487 uos
3353 3439 3588 3488 accuset

3087 3518 3330 3598 Moyses
3357 3523 3420 3580 in
3447 3539 3624 3598 quem
3651 3539 3767 3582 uos

3087 3616 3328 3692 speratis
3351 3646 3365 3661 ·
3425 3617 3470 3648 ⁴⁶
3487 3615 3548 3674 Si
3574 3616 3720 3674 eni*

3087 3709 3466 3768 credidisseti¹
3493 3710 3684 3786 moysi
3705 3739 3721 3756 ·

3086 3812 3144 3862 et
3171 3802 3312 3860 mihi
3340 3803 3649 3863 crederetis
3667 3835 3683 3850 ·

3085 3895 3180 3955 De
3201 3914 3298 3956 me
3327 3899 3486 3956 enim
3513 3897 3606 3956 ille
3634 3899 3788 3975 scrip

3086 3991 3159 4050 sit
3181 4021 3196 4037 ·
3256 3990 3302 4023 ⁴⁷
3319 3991 3366 4050 si
3395 4003 3592 4050 autem
3619 3991 3771 4051 illius

3086 4083 3382 4162 scripturis
3409 4102 3532 4144 non
3561 4103 3658 4144 cre

3086 4179 3220 4239 ditis
3303 4179 3604 4258 quomodo

3854 505 3984 558 1¹01.
4007 508 4146 557 810.
