4373 5048
679 240 688 251 ’
751 249 870 334 136

428 444 552 493 1¹01.
571 443 701 494 800.
743 424 924 484 helias
952 425 1183 503 depone

745 538 808 578 re
837 518 996 579 illum
1020 552 1034 567 ·
1061 552 1074 566 ·
1119 520 1164 553 ⁸⁷
1181 519 1270 579 ihs
1299 536 1376 577 au

744 623 867 673 tem
893 614 1108 673 emissa
1128 632 1277 673 uoce

743 726 962 785 magna
991 708 1219 768 tradidit

745 806 879 877 spm
901 833 914 848 ·
957 801 1001 834 ⁸⁸
1018 801 1095 859 Et
1123 802 1320 861 uelum

744 894 946 972 templi
973 896 1211 954 scissu-

743 999 832 1047 est
859 989 919 1047 in
948 988 1172 1048 duabus

742 1083 1002 1159 partibus
1068 1102 1105 1143 a
1132 1102 1262 1144 sum

743 1194 846 1234 mo
875 1194 1063 1254 usque
1097 1177 1240 1237 deor

745 1287 878 1329 sum
902 1303 916 1318 ·
960 1270 1005 1305 ⁸⁹
1025 1270 1252 1331 Uidens

747 1373 944 1424 autem
969 1366 1232 1426 centurio

747 1459 848 1537 qui
877 1458 1141 1519 adstabat
1169 1460 1246 1519 ibi

751 1555 890 1631 quia
917 1554 1000 1614 sic
1028 1553 1287 1613 clamans

745 1648 936 1707 emisit
963 1652 1096 1723 spm
1119 1679 1132 1695 ·
1193 1647 1292 1708 dix

743 1741 788 1800 it
845 1760 982 1801 uere
1011 1741 1106 1801 hic
1135 1742 1318 1802 homo

742 1834 805 1894 dr
830 1835 979 1895 filius
1008 1844 1130 1894 erat
1148 1866 1162 1882 ·

743 1928 790 1963 ⁴⁰
805 1927 988 1987 Erant
1017 1939 1210 1988 autem
1240 1936 1298 1988 et

743 2022 1010 2081 mulieres
1038 2022 1109 2081 de
1137 2021 1238 2082 lon

743 2134 818 2193 ge
846 2114 1108 2175 uidentes

741 2434 888 2495 inter
943 2454 1087 2515 quas
1116 2445 1239 2496 erat

741 2530 928 2590 maria
953 2530 1335 2607 magdalenae

741 2635 802 2683 et
827 2625 1010 2684 maria
1037 2625 1224 2684 iacobi

739 2719 980 2779 minoris
1037 2729 1094 2778 et
1121 2717 1326 2797 ioseph

741 2823 926 2872 mater
985 2822 1043 2874 et
1071 2812 1292 2874 salome
1317 2840 1330 2854 ·

741 2907 783 2940 ⁴¹
801 2923 954 2984 quae
983 2924 1120 2966 cum
1147 2917 1342 2967 essent

741 3000 802 3058 in
829 3000 1097 3077 galileam
1161 3019 1224 3060 se

741 3093 1066 3170 quebantur
1091 3112 1227 3153 eum

740 3195 802 3245 et
828 3187 1154 3247 ministrant
1181 3188 1235 3246 ei

739 3279 819 3339 Et
845 3280 954 3340 alie
981 3281 1194 3340 multae
1223 3299 1372 3359 quae

737 3373 908 3434 simul
929 3374 1180 3434 ascende

738 3478 868 3527 rant
903 3467 1198 3546 hierosoly

811 3588 892 3616 ω
931 3581 1033 3621 ma
1071 3588 1156 3612 m

680 3657 710 3692 ²⁸¹
738 3655 786 3690 ⁴²
798 3654 876 3716 Et
904 3674 1042 3715 cum
1069 3657 1188 3716 iam
1215 3673 1346 3716 sero

669 3754 712 3837 ‚³⁸
739 3759 894 3811 esset
922 3749 1141 3810 factum

676 3849 712 3888 ²⁸²
741 3845 842 3923 qui
871 3853 994 3904 erat
1021 3853 1157 3922 post

677 3943 713 3981 *
739 3957 1054 4016 parasceue
1078 3971 1092 3986 ·
1153 3937 1315 4017 quod

737 4043 826 4094 est
859 4041 992 4093 ante
1020 4035 1266 4095 sabbatii

2154 250 2359 317 SEC-

1494 423 1660 484 diues
1688 422 1925 484 decurio
1956 427 2057 503 qui

1494 526 1618 577 erat
1641 550 1654 564 -
1720 527 1779 578 et
1805 519 1936 595 ipse
1964 538 2154 597 expec

1491 620 1625 671 tans
1653 631 1900 691 regnum
1931 612 1992 673 di

1491 704 1569 763 Et
1597 718 1931 767 constanter
1955 708 2108 767 intro

1492 800 1556 861 iit
1583 800 1659 861 ad
1688 801 1926 879 pilatum
1985 810 2044 860 et

1491 894 1635 970 petit
1663 912 1875 970 corpus
1903 894 2002 953 ihu

1493 984 1538 1021 ⁴⁴
1559 1020 1572 1033 ·
1593 987 1804 1064 pilatus
1831 998 2026 1047 autem

1493 1080 1809 1140 mirabatur
1835 1083 1884 1141 si
1911 1083 2028 1140 iam

1494 1186 1761 1233 mortuus
1790 1184 1947 1235 esset

1492 1268 1570 1328 Et
1597 1270 1842 1329 aoersito
1870 1270 2094 1328 centuri

1493 1380 1670 1422 onem
1698 1362 1993 1440 interroga

1492 1458 1578 1515 uit
1605 1466 1736 1515 eum
1767 1456 1814 1516 si
1843 1457 1962 1516 iam
1990 1475 2120 1517 mor

1492 1560 1626 1610 tuus
1647 1561 1801 1611 esset
1819 1583 1834 1599 ·
1879 1551 1925 1585 ⁴⁶
1941 1562 2001 1610 et
2029 1570 2164 1611 cum

1493 1644 1866 1723 cognouisset
1923 1664 1958 1705 a
1985 1664 2096 1705 cen

1492 1739 1722 1798 turione
1782 1738 2023 1798 donauit

1492 1850 1708 1910 corpus
1736 1832 1861 1892 eius
1889 1832 2087 1911 ioseph
2108 1865 2123 1880 ·

1491 1926 1536 1959 ⁴⁶
1551 1925 1773 2003 Ioseph
1801 1937 1995 1986 autem
2029 1945 2154 1987 mer

1492 2029 1658 2078 catus
1686 2020 1936 2080 sindone
1960 2052 1972 2065 ·
1995 2021 2059 2080 in

1492 2112 1678 2171 uoluit
1702 2145 1716 2159 ·
1741 2121 1800 2173 et
1827 2115 2023 2189 posuit
2049 2120 2124 2174 eii

1491 2432 1564 2493 In
1594 2444 1982 2493 monumento
2013 2433 2165 2512 quod

1487 2539 1608 2588 erat
1637 2529 1928 2588 excissum
1957 2529 2018 2587 in

1488 2632 1656 2699 petra
1679 2654 1694 2670 ·
1739 2633 1798 2683 et
1825 2623 2082 2682 aduoluit

1486 2717 1742 2794 lapidem
1768 2717 1844 2776 ad
1871 2717 2074 2776 ostiu-

1487 2811 1854 2872 monumenti
1876 2842 1890 2857 ·
1935 2811 1980 2844 ⁴⁷
2002 2809 2108 2870 Ma

1487 2906 1570 2964 ria
1603 2915 1800 2964 autem
1827 2903 2096 2980 magdale

1488 3017 1603 3059 nae
1622 3032 1635 3047 ·
1701 3010 1760 3058 et
1778 2999 1960 3058 maria
1983 2997 2173 3058 iacobi

1490 3101 1836 3152 notauerunt
1868 3091 2003 3151 locil

1490 3187 1590 3246 ubi
1619 3188 1946 3263 ponebatur
1967 3216 1980 3232 ·
2003 3217 2088 3227 —

1491 3279 1569 3339 Et
1596 3280 1874 3338 abeuntes
1901 3296 2034 3339 eme

1489 3383 1624 3432 runt
1649 3380 1912 3431 aromata
1931 3381 1995 3429 ut

1491 3484 1628 3526 eum
1653 3476 1982 3542 unguerent
2000 3498 2014 3513 ·

1490 3565 1585 3620 16.
1603 3560 1987 3619 ¹ettransacto
1997 3560 2241 3620 sabbato

1487 3656 1672 3715 maria
1700 3655 2084 3732 magdalenae
2108 3688 2123 3703 ·

1488 3759 1549 3809 et
1576 3750 1756 3809 maria
1782 3749 2006 3809 iacobi·
2073 3759 2132 3811 et

1489 3843 1713 3903 salome
1740 3854 2004 3904 emerunt

1486 3947 1749 3996 aromata
1774 3948 1838 3996 ut
1864 3938 2079 3997 uenien

1485 4039 1576 4092 tes
1602 4041 1928 4110 unguerent
1953 4039 2065 4092 efi-

733 4126 957 4188 ⁴³Uenit
975 4128 1182 4208 ioseph
1197 4127 1464 4190 abarima
1488 4124 1510 4157 ²
1527 4125 1605 4186 Et
1632 4137 1917 4188 uenerunt
1943 4126 2114 4186 ualde

1287 4221 1410 4282 thia
1486 4222 1673 4298 prima
1701 4221 1924 4282 sabbati
1982 4219 2057 4279 ad

2300 434 2749 486 monumentum
2774 456 2787 473 ·

2302 518 2375 579 Et
2406 519 2529 579 sole
2558 520 2781 579 oriente
2841 517 2864 553 ⁸
2882 519 2943 579 di

2301 613 2511 672 cebant
2538 612 2851 671 adinuice-

2300 705 2429 783 quis
2457 706 2627 766 nobis
2654 706 2819 766 reuol

2298 799 2382 857 uit
2407 799 2665 876 lapidem
2692 799 2769 858 ab
2795 817 2867 860 os

2298 900 2395 951 teo
2424 892 2790 951 monumenti
2808 924 2823 939 ·

2296 986 2319 1018 ⁴
2338 983 2415 1043 Et
2444 986 2792 1061 aspicientes
2818 987 2955 1046 uide

2296 1089 2427 1138 runt
2456 1080 2715 1138 reuolutii

2295 1172 2548 1249 lapidem
2571 1206 2583 1219 ·
2648 1172 2791 1233 Erat
2817 1180 2913 1234 eni

2296 1284 2547 1343 magnus
2574 1268 2746 1328 nimis
2767 1301 2781 1315 ·

2296 1359 2410 1419 ‘Et
2437 1361 2798 1421 introeuntes
2845 1362 2907 1421 in

2295 1464 2681 1515 monumento
2738 1457 2797 1515 ui

2296 1548 2503 1609 derunt
2530 1550 2803 1610 iuuenem

2294 1642 2372 1702 ad
2400 1642 2604 1703 dextra
2662 1645 2870 1704 indutil

2296 1738 2510 1797 stolam
2538 1738 2845 1798 candidam
2870 1772 2883 1785 ·

2296 1840 2356 1889 et
2383 1842 2741 1908 expauerunt
2765 1864 2778 1880 ·
2823 1832 2846 1866 ⁴
2862 1832 2912 1891 11

2296 1923 2352 1982 le
2382 1934 2575 1983 autem
2605 1925 2744 1984 dixit
2762 1925 2838 1985 ad

2298 2016 2423 2075 illas
2446 2048 2459 2063 ·
2520 2017 2698 2078 nolite
2726 2037 2879 2097 expa

2298 2128 2535 2171 uescere
2554 2142 2569 2157 ·
2613 2111 2734 2170 ihm
2763 2131 2875 2191 que

2298 2204 2415 2264 ritis
2444 2212 2771 2265 nazorenu·

2296 2298 2637 2358 crucifixum
2666 2318 2765 2359 sur

2294 2432 2440 2491 rexit
2501 2448 2624 2490 non
2654 2442 2743 2492 est
2770 2431 2863 2493 hic
2882 2466 2897 2481 ·

2293 2524 2487 2585 uidete
2515 2544 2653 2586 ecce
2681 2527 2848 2588 locus

2293 2620 2417 2678 eius
2477 2620 2577 2678 ubi
2608 2622 2832 2698 positus

2292 2721 2414 2771 erat
2433 2745 2447 2760 ·
2507 2712 2531 2746 ⁷
2552 2712 2668 2773 Sed
2696 2716 2775 2774 ite
2803 2713 2976 2776 dicite

2292 2806 2585 2884 discipulis
2613 2808 2736 2868 eius
2764 2808 2841 2869 Et

2291 2910 2458 2977 petro
2483 2901 2623 2977 quia
2652 2919 2862 2978 praece

2290 2994 2391 3053 det
2416 3011 2530 3054 uos
2556 2995 2617 3053 in
2646 2995 2914 3072 galileam

2292 3089 2370 3148 ibi
2397 3107 2534 3148 eum
2561 3088 2830 3151 uidebitis

2292 3183 2440 3242 sicut
2466 3183 2587 3242 dixi
2616 3184 2789 3244 uobis
2814 3217 2826 3231 ·

2290 3277 2313 3310 ⁸
2328 3275 2407 3336 Et
2433 3288 2716 3337 exeuntes
2744 3278 2835 3338 ille
2858 3278 2933 3340 de

2292 3381 2678 3432 monumento
2706 3370 2844 3449 suge

2292 3475 2424 3524 runt
2443 3497 2457 3512 ·
2518 3465 2808 3526 inuaserat

2292 3559 2451 3618 enim
2478 3559 2601 3618 illas
2630 3559 2803 3619 timor

2292 3663 2352 3712 et
2377 3672 2563 3730 pauor
2624 3653 2703 3713 Et
2730 3655 2949 3714 nemini

2293 3748 2611 3824 quidquam
2640 3747 2935 3810 audebant

2292 3842 2483 3902 dicere
2510 3847 2657 3919 qiim
2684 3844 2824 3902 time

2292 3937 2436 3995 bant
2455 3967 2468 3983 ·
2512 3944 2546 3998 †
2568 3936 2589 3969 ⁹
2609 3935 2865 4014 Surgens
2895 3959 2969 4000 au

3228 262 3366 327 [xv.
3392 266 3642 329 36-xvr.
3670 251 3755 331 15ss

3056 422 3318 485 Primum
3346 428 3562 488 mariae

3050 519 3435 596 magdalenae
3494 522 3567 583 de
3594 541 3713 601 qua

3048 613 3261 673 eicerat
3290 624 3516 692 septem

3048 706 3359 768 daemonia
3382 742 3395 757 ·
3440 708 3486 741 ¹⁰
3504 719 3563 769 at
3589 711 3687 770 illa

3048 802 3369 877 precedens
3397 804 3666 864 nuntiauit

3045 893 3155 953 illis
3219 896 3319 972 qui
3347 914 3485 955 cum
3512 897 3641 974 ipso

3044 986 3278 1047 fuerant
3303 988 3547 1065 lugetibs

3044 1091 3102 1140 et
3130 1080 3401 1141 fientibus
3425 1114 3439 1129 ·
3486 1083 3527 1116 ¹¹
3545 1092 3603 1143 at
3629 1084 3669 1142 il

3045 1174 3087 1233 li
3114 1184 3178 1233 ut
3208 1175 3516 1237 audierunt

3045 1268 3242 1327 uiuere
3272 1287 3407 1328 eum
3429 1302 3444 1317 ·
3504 1281 3563 1331 et
3591 1270 3652 1330 ui

3047 1380 3179 1421 sum
3206 1380 3334 1423 esse
3364 1364 3439 1423 ab
3467 1383 3538 1424 ea
3558 1398 3571 1413 ·
3634 1376 3747 1425 n0n

3046 1454 3411 1516 crediderunt
3434 1490 3449 1505 ·
3468 1492 3553 1502 —-

3046 1547 3091 1581 ¹²
3113 1549 3253 1611 Post
3280 1551 3389 1612 hee
3410 1562 3608 1613 autem
3628 1553 3749 1615 duo

3047 1644 3159 1703 bus
3187 1664 3259 1703 ex
3292 1646 3399 1705 illis
3426 1648 3606 1705 ambu

3046 1736 3334 1798 lantibus·
3400 1740 3578 1817 Appa

3047 1832 3160 1893 ruit
3187 1834 3249 1891 in
3276 1833 3389 1893 alia
3414 1834 3641 1911 effigiae

3046 1926 3323 1986 euntibus
3348 1926 3433 1987 eis
3462 1928 3523 1986 in
3551 1928 3693 1987 uilla

3048 2018 3091 2052 ¹³
3106 2030 3165 2080 et
3193 2020 3271 2079 illi
3297 2030 3502 2080 euntes
3531 2022 3701 2081 nunti

3048 2124 3298 2173 auerunt
3325 2115 3527 2174 ceteris
3552 2148 3565 2163 ·

3050 2432 3167 2493 Sed
3196 2452 3305 2493 nec
3333 2434 3443 2495 illis
3472 2436 3627 2495 credi

3048 2528 3256 2588 derunt
3279 2561 3292 2576 ·
3338 2528 3381 2563 ¹⁴
3404 2530 3627 2590 nouissi

3048 2639 3143 2682 me
3173 2632 3367 2681 autem
3393 2655 3406 2671 ·
3470 2623 3706 2703 Conqui

3048 2716 3306 2776 rentibus
3333 2717 3443 2778 illis
3469 2735 3553 2777 un

3048 2807 3240 2869 decim
3269 2813 3539 2888 apparuit

3045 2901 3125 2963 Et
3152 2905 3497 2982 exprobauit
3524 2906 3585 2964 in

3046 2999 3449 3058 credulitatem
3476 2999 3515 3057 il

3044 3091 3239 3152 lorum
3262 3124 3275 3140 ·
3335 3101 3395 3152 et
3424 3093 3634 3154 duritia

3047 3185 3239 3246 cordis
3266 3186 3497 3246 illorum
3521 3220 3535 3234 ·

3047 3278 3291 3356 Propter
3316 3281 3483 3357 quod
3508 3281 3571 3340 ui

3046 3372 3250 3432 derant
3276 3393 3413 3434 eum
3442 3394 3503 3435 re

3048 3468 3362 3528 surrexisse
3382 3501 3396 3515 ·
3460 3479 3518 3529 et
3546 3481 3665 3529 nun

3044 3561 3319 3622 tiantibus
3348 3582 3467 3624 non
3497 3582 3591 3623 cre

3046 3655 3319 3716 diderunt
3342 3689 3354 3704 ·
3378 3689 3391 3704 ·
3437 3657 3481 3692 ¹⁸
3499 3658 3579 3717 Et
3606 3657 3749 3719 dixit

3045 3749 3155 3809 illis
3177 3783 3191 3798 ·
3257 3750 3344 3809 Ite
3373 3751 3435 3810 in
3464 3752 3665 3811 uniuer

3046 3861 3179 3904 sum
3208 3847 3414 3904 orbem
3474 3846 3556 3906 Et

3046 3939 3338 4014 predicate
3366 3958 3523 3998 euan

2291 4042 2411 4091 tem
2432 4047 2607 4090 mane
2628 4032 2816 4108 prima
2842 4046 2876 4081 v
2898 4033 3031 4088 firias
3048 4032 3267 4110 gelium
3294 4033 3498 4092 uniuer

2292 4125 2515 4186 sabbati
2543 4126 2807 4203 apparuit

3044 4144 3107 4186 SC
3136 4135 3431 4187 creaturae

3778 448 3905 495 1¹01.
3930 448 4066 496 201.
