<?xml version="1.0" encoding="UTF-8"?>
<!DOCTYPE html PUBLIC "-//W3C//DTD XHTML 1.0 Transitional//EN"
    "http://www.w3.org/TR/xhtml1/DTD/xhtml1-transitional.dtd">
<html xmlns="http://www.w3.org/1999/xhtml" xml:lang="en" lang="en">
 <head>
  <title>
</title>
<meta http-equiv="Content-Type" content="text/html;charset=utf-8" />
  <meta name='ocr-system' content='tesseract 3.04.00' />
  <meta name='ocr-capabilities' content='ocr_page ocr_carea ocr_par ocr_line ocrx_word'/>
</head>
<body>
  <div class='ocr_page' id='page_1' title='image "./fourgospelsfrom00wordgoog_0129.png"; bbox 0 0 4373 5048; ppageno 0'>
   <div class='ocr_carea' id='block_1_1' title="bbox 636 343 1263 412">
    <p class='ocr_par' dir='ltr' id='par_1_1' title="bbox 636 343 1263 412">
     <span class='ocr_line' id='line_1_1' title="bbox 636 343 1263 412; baseline 0 -17"><span class='ocrx_word' id='word_1_1' title='bbox 636 343 809 395; x_wconf 84' lang='lat' dir='ltr'>XVII.</span> <span class='ocrx_word' id='word_1_2' title='bbox 836 343 1133 397; x_wconf 85' lang='lat' dir='ltr'><strong>21-xv111.</strong></span> <span class='ocrx_word' id='word_1_3' title='bbox 1161 347 1263 412; x_wconf 66' lang='grc' dir='ltr'><strong>ια]</strong></span> 
     </span>
    </p>
   </div>
   <div class='ocr_carea' id='block_1_2' title="bbox 314 518 1298 596">
    <p class='ocr_par' dir='ltr' id='par_1_2' title="bbox 314 518 1298 596">
     <span class='ocr_line' id='line_1_2' title="bbox 314 518 1298 596; baseline 0.008 -24"><span class='ocrx_word' id='word_1_4' title='bbox 314 518 443 569; x_wconf 66' lang='lat' dir='ltr'><strong>rol.</strong></span> <span class='ocrx_word' id='word_1_5' title='bbox 466 519 593 569; x_wconf 74' lang='lat'><strong>848-</strong></span> <span class='ocrx_word' id='word_1_6' title='bbox 636 518 798 579; x_wconf 90' lang='lat' dir='ltr'><strong>Sicut</strong></span> <span class='ocrx_word' id='word_1_7' title='bbox 825 528 889 579; x_wconf 90' lang='lat' dir='ltr'><strong>tu</strong></span> <span class='ocrx_word' id='word_1_8' title='bbox 920 529 1083 596; x_wconf 88' lang='lat' dir='ltr'><strong>pater</strong></span> <span class='ocrx_word' id='word_1_9' title='bbox 1110 520 1171 579; x_wconf 89' lang='lat' dir='ltr'><strong>in</strong></span> <span class='ocrx_word' id='word_1_10' title='bbox 1198 540 1298 580; x_wconf 89' lang='lat' dir='ltr'><strong>me</strong></span> 
     </span>
    </p>
   </div>
   <div class='ocr_carea' id='block_1_3' title="bbox 630 613 1299 971">
    <p class='ocr_par' dir='ltr' id='par_1_3' title="bbox 630 613 1299 971">
     <span class='ocr_line' id='line_1_3' title="bbox 632 613 1299 689; baseline 0.004 -18"><span class='ocrx_word' id='word_1_11' title='bbox 632 622 693 671; x_wconf 90' lang='lat' dir='ltr'><strong>et</strong></span> <span class='ocrx_word' id='word_1_12' title='bbox 720 631 833 689; x_wconf 89' lang='lat' dir='ltr'><strong>ego</strong></span> <span class='ocrx_word' id='word_1_13' title='bbox 863 613 925 671; x_wconf 90' lang='lat' dir='ltr'><strong>in</strong></span> <span class='ocrx_word' id='word_1_14' title='bbox 953 624 1011 672; x_wconf 91' lang='lat' dir='ltr'><strong>te</strong></span> <span class='ocrx_word' id='word_1_15' title='bbox 1081 623 1147 673; x_wconf 91' lang='lat' dir='ltr'><strong>ut</strong></span> <span class='ocrx_word' id='word_1_16' title='bbox 1172 624 1231 675; x_wconf 90' lang='lat' dir='ltr'><strong>et</strong></span> <span class='ocrx_word' id='word_1_17' title='bbox 1258 614 1299 674; x_wconf 92' lang='lat' dir='ltr'><strong>il</strong></span> 
     </span>
     <span class='ocr_line' id='line_1_4' title="bbox 633 706 1173 766; baseline 0.006 -3"><span class='ocrx_word' id='word_1_18' title='bbox 633 706 672 763; x_wconf 91' lang='lat' dir='ltr'><strong>li</strong></span> <span class='ocrx_word' id='word_1_19' title='bbox 698 706 759 763; x_wconf 90' lang='lat' dir='ltr'><strong>in</strong></span> <span class='ocrx_word' id='word_1_20' title='bbox 787 708 960 766; x_wconf 91' lang='lat' dir='ltr'><strong>nobis</strong></span> <span class='ocrx_word' id='word_1_21' title='bbox 986 724 1173 766; x_wconf 90' lang='lat' dir='ltr'><strong>unum</strong></span> 
     </span>
     <span class='ocr_line' id='line_1_5' title="bbox 630 798 1171 859; baseline 0.004 -2"><span class='ocrx_word' id='word_1_22' title='bbox 630 798 746 857; x_wconf 88' lang='lat' dir='ltr'><strong>sint</strong></span> <span class='ocrx_word' id='word_1_23' title='bbox 766 830 780 845; x_wconf 93' lang='lat'><strong>·</strong></span> <span class='ocrx_word' id='word_1_24' title='bbox 824 808 887 857; x_wconf 91' lang='lat' dir='ltr'><strong>ut</strong></span> <span class='ocrx_word' id='word_1_25' title='bbox 914 801 1171 859; x_wconf 88' lang='lat' dir='ltr'><strong>mundus</strong></span> 
     </span>
     <span class='ocr_line' id='line_1_6' title="bbox 630 893 1212 971; baseline 0.005 -20"><span class='ocrx_word' id='word_1_26' title='bbox 630 893 829 952; x_wconf 85' lang='lat' dir='ltr'><strong>credat</strong></span> <span class='ocrx_word' id='word_1_27' title='bbox 857 894 995 971; x_wconf 89' lang='lat' dir='ltr'><strong>quia</strong></span> <span class='ocrx_word' id='word_1_28' title='bbox 1022 904 1086 953; x_wconf 89' lang='lat' dir='ltr'><strong>tu</strong></span> <span class='ocrx_word' id='word_1_29' title='bbox 1114 912 1212 954; x_wconf 90' lang='lat' dir='ltr'><strong>me</strong></span> 
     </span>
    </p>
   </div>
   <div class='ocr_carea' id='block_1_4' title="bbox 630 985 1334 1067">
    <p class='ocr_par' dir='ltr' id='par_1_4' title="bbox 630 985 1334 1067">
     <span class='ocr_line' id='line_1_7' title="bbox 630 985 1334 1067; baseline 0.007 -22"><span class='ocrx_word' id='word_1_30' title='bbox 630 986 835 1045; x_wconf 88' lang='lat' dir='ltr'><strong>misisti</strong></span> <span class='ocrx_word' id='word_1_31' title='bbox 854 1019 871 1035; x_wconf 90' lang='lat'><strong>·</strong></span> <span class='ocrx_word' id='word_1_32' title='bbox 923 985 1061 1047; x_wconf 76' lang='lat' dir='ltr'><strong>”Et</strong></span> <span class='ocrx_word' id='word_1_33' title='bbox 1088 1006 1203 1066; x_wconf 88' lang='lat' dir='ltr'><strong>ego</strong></span> <span class='ocrx_word' id='word_1_34' title='bbox 1231 988 1334 1067; x_wconf 85' lang='lat' dir='ltr'><strong>glo</strong></span> 
     </span>
    </p>
   </div>
   <div class='ocr_carea' id='block_1_5' title="bbox 628 1081 1223 1423">
    <p class='ocr_par' dir='ltr' id='par_1_5' title="bbox 628 1081 1223 1423">
     <span class='ocr_line' id='line_1_8' title="bbox 630 1081 1182 1159; baseline 0.007 -20"><span class='ocrx_word' id='word_1_35' title='bbox 630 1081 779 1139; x_wconf 89' lang='lat' dir='ltr'><strong>riam</strong></span> <span class='ocrx_word' id='word_1_36' title='bbox 806 1099 987 1159; x_wconf 88' lang='lat' dir='ltr'><strong>quam</strong></span> <span class='ocrx_word' id='word_1_37' title='bbox 1016 1082 1182 1143; x_wconf 91' lang='lat' dir='ltr'><strong>dedis</strong></span> 
     </span>
     <span class='ocr_line' id='line_1_9' title="bbox 629 1174 1179 1236; baseline 0.005 -3"><span class='ocrx_word' id='word_1_38' title='bbox 629 1174 671 1233; x_wconf 91' lang='lat' dir='ltr'><strong>ti</strong></span> <span class='ocrx_word' id='word_1_39' title='bbox 700 1175 843 1234; x_wconf 90' lang='lat' dir='ltr'><strong>mihi</strong></span> <span class='ocrx_word' id='word_1_40' title='bbox 873 1175 1007 1236; x_wconf 91' lang='lat' dir='ltr'><strong>dedi</strong></span> <span class='ocrx_word' id='word_1_41' title='bbox 1036 1177 1145 1236; x_wconf 90' lang='lat' dir='ltr'><strong>illis</strong></span> <span class='ocrx_word' id='word_1_42' title='bbox 1164 1209 1179 1224; x_wconf 93' lang='lat'><strong>·</strong></span> 
     </span>
     <span class='ocr_line' id='line_1_10' title="bbox 628 1268 1223 1331; baseline 0.005 -5"><span class='ocrx_word' id='word_1_43' title='bbox 628 1275 694 1326; x_wconf 92' lang='lat' dir='ltr'><strong>ut</strong></span> <span class='ocrx_word' id='word_1_44' title='bbox 722 1268 835 1329; x_wconf 89' lang='lat' dir='ltr'><strong>sint</strong></span> <span class='ocrx_word' id='word_1_45' title='bbox 863 1287 1045 1329; x_wconf 88' lang='lat' dir='ltr'><strong>unum</strong></span> <span class='ocrx_word' id='word_1_46' title='bbox 1074 1271 1223 1331; x_wconf 91' lang='lat' dir='ltr'><strong>sicut</strong></span> 
     </span>
     <span class='ocr_line' id='line_1_11' title="bbox 630 1379 1219 1423; baseline 0.005 -3"><span class='ocrx_word' id='word_1_47' title='bbox 630 1379 743 1421; x_wconf 86' lang='lat' dir='ltr'><strong>nos</strong></span> <span class='ocrx_word' id='word_1_48' title='bbox 768 1380 955 1421; x_wconf 89' lang='lat' dir='ltr'><strong>unum</strong></span> <span class='ocrx_word' id='word_1_49' title='bbox 984 1381 1185 1423; x_wconf 89' lang='lat' dir='ltr'><strong>sumus</strong></span> <span class='ocrx_word' id='word_1_50' title='bbox 1204 1396 1219 1412; x_wconf 92' lang='lat'><strong>·</strong></span> 
     </span>
    </p>
   </div>
   <div class='ocr_carea' id='block_1_6' title="bbox 628 1454 1329 1532">
    <p class='ocr_par' dir='ltr' id='par_1_6' title="bbox 628 1454 1329 1532">
     <span class='ocr_line' id='line_1_12' title="bbox 628 1454 1329 1532; baseline 0.006 -18"><span class='ocrx_word' id='word_1_51' title='bbox 628 1454 815 1532; x_wconf 75' lang='lat' dir='ltr'><strong>”Ego</strong></span> <span class='ocrx_word' id='word_1_52' title='bbox 826 1457 1001 1516; x_wconf 89' lang='lat' dir='ltr'><strong>inillis</strong></span> <span class='ocrx_word' id='word_1_53' title='bbox 1019 1467 1147 1517; x_wconf 91' lang='lat' dir='ltr'><strong>ettu</strong></span> <span class='ocrx_word' id='word_1_54' title='bbox 1156 1458 1215 1517; x_wconf 90' lang='lat' dir='ltr'><strong>in</strong></span> <span class='ocrx_word' id='word_1_55' title='bbox 1230 1476 1329 1519; x_wconf 90' lang='lat' dir='ltr'><strong>me</strong></span> 
     </span>
    </p>
   </div>
   <div class='ocr_carea' id='block_1_7' title="bbox 624 1550 1249 1907">
    <p class='ocr_par' dir='ltr' id='par_1_7' title="bbox 624 1550 1249 1907">
     <span class='ocr_line' id='line_1_13' title="bbox 628 1550 1193 1627; baseline 0.009 -21"><span class='ocrx_word' id='word_1_56' title='bbox 628 1556 693 1607; x_wconf 90' lang='lat' dir='ltr'><strong>ut</strong></span> <span class='ocrx_word' id='word_1_57' title='bbox 720 1550 836 1608; x_wconf 91' lang='lat' dir='ltr'><strong>sint</strong></span> <span class='ocrx_word' id='word_1_58' title='bbox 863 1550 1102 1627; x_wconf 88' lang='lat' dir='ltr'><strong>perfecti</strong></span> <span class='ocrx_word' id='word_1_59' title='bbox 1131 1552 1193 1611; x_wconf 89' lang='lat' dir='ltr'><strong>in</strong></span> 
     </span>
     <span class='ocr_line' id='line_1_14' title="bbox 626 1644 1209 1722; baseline 0.005 -21"><span class='ocrx_word' id='word_1_60' title='bbox 626 1659 811 1701; x_wconf 89' lang='lat' dir='ltr'><strong>unum</strong></span> <span class='ocrx_word' id='word_1_61' title='bbox 836 1674 851 1689; x_wconf 92' lang='lat'><strong>·</strong></span> <span class='ocrx_word' id='word_1_62' title='bbox 894 1644 972 1703; x_wconf 92' lang='lat' dir='ltr'><strong>Et</strong></span> <span class='ocrx_word' id='word_1_63' title='bbox 999 1655 1065 1703; x_wconf 92' lang='lat' dir='ltr'><strong>ut</strong></span> <span class='ocrx_word' id='word_1_64' title='bbox 1090 1663 1209 1722; x_wconf 91' lang='lat' dir='ltr'><strong>cog</strong></span> 
     </span>
     <span class='ocr_line' id='line_1_15' title="bbox 624 1736 1235 1799; baseline 0.01 -6"><span class='ocrx_word' id='word_1_65' title='bbox 624 1744 832 1795; x_wconf 87' lang='lat' dir='ltr'><strong>noscat</strong></span> <span class='ocrx_word' id='word_1_66' title='bbox 858 1736 953 1797; x_wconf 91' lang='lat' dir='ltr'><strong>hic</strong></span> <span class='ocrx_word' id='word_1_67' title='bbox 981 1739 1235 1799; x_wconf 90' lang='lat' dir='ltr'><strong>mundus</strong></span> 
     </span>
     <span class='ocr_line' id='line_1_16' title="bbox 626 1830 1249 1907; baseline 0.01 -20"><span class='ocrx_word' id='word_1_68' title='bbox 626 1830 768 1907; x_wconf 88' lang='lat' dir='ltr'><strong>quia</strong></span> <span class='ocrx_word' id='word_1_69' title='bbox 796 1840 858 1889; x_wconf 88' lang='lat' dir='ltr'><strong>tu</strong></span> <span class='ocrx_word' id='word_1_70' title='bbox 886 1850 982 1891; x_wconf 89' lang='lat' dir='ltr'><strong>me</strong></span> <span class='ocrx_word' id='word_1_71' title='bbox 1010 1833 1213 1893; x_wconf 89' lang='lat' dir='ltr'><strong>misisti</strong></span> <span class='ocrx_word' id='word_1_72' title='bbox 1234 1865 1249 1880; x_wconf 93' lang='lat'><strong>·</strong></span> 
     </span>
    </p>
   </div>
   <div class='ocr_carea' id='block_1_8' title="bbox 622 1921 1310 1988">
    <p class='ocr_par' dir='ltr' id='par_1_8' title="bbox 622 1921 1310 1988">
     <span class='ocr_line' id='line_1_17' title="bbox 622 1921 1310 1988; baseline 0.007 -6"><span class='ocrx_word' id='word_1_73' title='bbox 622 1921 703 1983; x_wconf 89' lang='lat' dir='ltr'><strong>Et</strong></span> <span class='ocrx_word' id='word_1_74' title='bbox 730 1924 977 1985; x_wconf 86' lang='lat' dir='ltr'>dilexisti</span> <span class='ocrx_word' id='word_1_75' title='bbox 1004 1926 1133 1986; x_wconf 93' lang='lat' dir='ltr'><strong>illos</strong></span> <span class='ocrx_word' id='word_1_76' title='bbox 1162 1928 1310 1988; x_wconf 90' lang='lat' dir='ltr'><strong>sicut</strong></span> 
     </span>
    </p>
   </div>
   <div class='ocr_carea' id='block_1_9' title="bbox 620 2018 1268 2364">
    <p class='ocr_par' dir='ltr' id='par_1_9' title="bbox 620 2018 1268 2364">
     <span class='ocr_line' id='line_1_18' title="bbox 623 2018 1231 2081; baseline 0.008 -5"><span class='ocrx_word' id='word_1_77' title='bbox 623 2035 721 2077; x_wconf 88' lang='lat' dir='ltr'><strong>me</strong></span> <span class='ocrx_word' id='word_1_78' title='bbox 749 2018 999 2079; x_wconf 86' lang='lat' dir='ltr'><strong>dilexisti</strong></span> <span class='ocrx_word' id='word_1_79' title='bbox 1025 2052 1040 2067; x_wconf 92' lang='lat'><strong>·</strong></span> <span class='ocrx_word' id='word_1_80' title='bbox 1082 2019 1127 2055; x_wconf 78' lang='lat'><strong>²⁴</strong></span> <span class='ocrx_word' id='word_1_81' title='bbox 1146 2022 1231 2081; x_wconf 87' lang='lat' dir='ltr'><strong>Pa</strong></span> 
     </span>
     <span class='ocr_line' id='line_1_19' title="bbox 620 2114 1223 2190; baseline 0.008 -20"><span class='ocrx_word' id='word_1_82' title='bbox 620 2120 709 2171; x_wconf 89' lang='lat' dir='ltr'><strong>ter</strong></span> <span class='ocrx_word' id='word_1_83' title='bbox 735 2124 881 2190; x_wconf 70' lang='lat' dir='ltr'><strong>quo·</strong></span> <span class='ocrx_word' id='word_1_84' title='bbox 908 2114 1113 2175; x_wconf 90' lang='lat' dir='ltr'><strong>dedisti</strong></span> <span class='ocrx_word' id='word_1_85' title='bbox 1140 2117 1223 2175; x_wconf 89' lang='lat' dir='ltr'><strong>mi</strong></span> 
     </span>
     <span class='ocr_line' id='line_1_20' title="bbox 620 2204 1268 2286; baseline 0.009 -23"><span class='ocrx_word' id='word_1_86' title='bbox 620 2204 683 2265; x_wconf 90' lang='lat' dir='ltr'><strong>hi</strong></span> <span class='ocrx_word' id='word_1_87' title='bbox 724 2208 865 2267; x_wconf 93' lang='lat' dir='ltr'><strong>uolo</strong></span> <span class='ocrx_word' id='word_1_88' title='bbox 893 2218 958 2266; x_wconf 94' lang='lat' dir='ltr'><strong>ut</strong></span> <span class='ocrx_word' id='word_1_89' title='bbox 984 2209 1125 2268; x_wconf 90' lang='lat' dir='ltr'><strong>hubi</strong></span> <span class='ocrx_word' id='word_1_90' title='bbox 1152 2225 1268 2286; x_wconf 88' lang='lat' dir='ltr'><strong>ego</strong></span> 
     </span>
     <span class='ocr_line' id='line_1_21' title="bbox 622 2302 1214 2364; baseline 0.005 -4"><span class='ocrx_word' id='word_1_91' title='bbox 622 2318 756 2361; x_wconf 85' lang='lat' dir='ltr'><strong>sum</strong></span> <span class='ocrx_word' id='word_1_92' title='bbox 782 2311 843 2361; x_wconf 86' lang='lat' dir='ltr'><strong>et</strong></span> <span class='ocrx_word' id='word_1_93' title='bbox 868 2302 951 2362; x_wconf 91' lang='lat' dir='ltr'><strong>illi</strong></span> <span class='ocrx_word' id='word_1_94' title='bbox 976 2304 1091 2363; x_wconf 89' lang='lat' dir='ltr'><strong>sint</strong></span> <span class='ocrx_word' id='word_1_95' title='bbox 1116 2321 1214 2364; x_wconf 88' lang='lat' dir='ltr'><strong>me</strong></span> 
     </span>
    </p>
   </div>
   <div class='ocr_carea' id='block_1_10' title="bbox 604 2433 1289 4014">
    <p class='ocr_par' dir='ltr' id='par_1_10' title="bbox 604 2433 1289 4014">
     <span class='ocr_line' id='line_1_22' title="bbox 620 2433 1167 2493; baseline 0 0"><span class='ocrx_word' id='word_1_96' title='bbox 620 2450 757 2493; x_wconf 86' lang='lat' dir='ltr'><strong>cum</strong></span> <span class='ocrx_word' id='word_1_97' title='bbox 777 2464 793 2480; x_wconf 90' lang='lat'><strong>·</strong></span> <span class='ocrx_word' id='word_1_98' title='bbox 835 2441 901 2492; x_wconf 89' lang='lat' dir='ltr'><strong>ut</strong></span> <span class='ocrx_word' id='word_1_99' title='bbox 927 2433 1167 2493; x_wconf 88' lang='lat' dir='ltr'><strong>uideant</strong></span> 
     </span>
     <span class='ocr_line' id='line_1_23' title="bbox 620 2527 1089 2604; baseline 0.009 -19"><span class='ocrx_word' id='word_1_100' title='bbox 620 2527 869 2604; x_wconf 83' lang='lat' dir='ltr'><strong>gloriam</strong></span> <span class='ocrx_word' id='word_1_101' title='bbox 894 2547 1089 2588; x_wconf 86' lang='lat' dir='ltr'><strong>meam</strong></span> 
     </span>
     <span class='ocr_line' id='line_1_24' title="bbox 618 2621 1153 2697; baseline 0.004 -18"><span class='ocrx_word' id='word_1_102' title='bbox 618 2621 881 2697; x_wconf 87' lang='lat' dir='ltr'><strong>quamihi</strong></span> <span class='ocrx_word' id='word_1_103' title='bbox 908 2622 1115 2682; x_wconf 90' lang='lat' dir='ltr'><strong>dedisti</strong></span> <span class='ocrx_word' id='word_1_104' title='bbox 1138 2653 1153 2669; x_wconf 92' lang='lat'><strong>·</strong></span> 
     </span>
     <span class='ocr_line' id='line_1_25' title="bbox 621 2715 1159 2792; baseline 0.009 -20"><span class='ocrx_word' id='word_1_105' title='bbox 621 2715 759 2792; x_wconf 89' lang='lat' dir='ltr'><strong>quia</strong></span> <span class='ocrx_word' id='word_1_106' title='bbox 786 2716 1033 2775; x_wconf 88' lang='lat' dir='ltr'><strong>dilexisti</strong></span> <span class='ocrx_word' id='word_1_107' title='bbox 1061 2735 1159 2778; x_wconf 90' lang='lat' dir='ltr'><strong>me</strong></span> 
     </span>
     <span class='ocr_line' id='line_1_26' title="bbox 620 2811 1121 2870; baseline 0.002 -2"><span class='ocrx_word' id='word_1_108' title='bbox 620 2816 755 2868; x_wconf 85' lang='lat' dir='ltr'><strong>ante</strong></span> <span class='ocrx_word' id='word_1_109' title='bbox 784 2811 1121 2870; x_wconf 88' lang='lat' dir='ltr'><strong>constitutio</strong></span> 
     </span>
     <span class='ocr_line' id='line_1_27' title="bbox 617 2904 1211 2983; baseline 0.005 -22"><span class='ocrx_word' id='word_1_110' title='bbox 617 2920 758 2962; x_wconf 88' lang='lat' dir='ltr'><strong>nem</strong></span> <span class='ocrx_word' id='word_1_111' title='bbox 784 2904 991 2964; x_wconf 88' lang='lat' dir='ltr'><strong>mundi</strong></span> <span class='ocrx_word' id='word_1_112' title='bbox 1012 2935 1027 2951; x_wconf 90' lang='lat'><strong>·</strong></span> <span class='ocrx_word' id='word_1_113' title='bbox 1070 2905 1117 2940; x_wconf 76' lang='lat'><strong>²⁶</strong></span> <span class='ocrx_word' id='word_1_114' title='bbox 1132 2923 1211 2983; x_wconf 87' lang='lat' dir='ltr'><strong>pa</strong></span> 
     </span>
     <span class='ocr_line' id='line_1_28' title="bbox 616 2997 1215 3060; baseline 0.012 -7"><span class='ocrx_word' id='word_1_115' title='bbox 616 3005 704 3055; x_wconf 90' lang='lat' dir='ltr'><strong>ter</strong></span> <span class='ocrx_word' id='word_1_116' title='bbox 728 2997 877 3056; x_wconf 90' lang='lat' dir='ltr'><strong>iuste</strong></span> <span class='ocrx_word' id='word_1_117' title='bbox 898 3029 913 3044; x_wconf 90' lang='lat'><strong>·</strong></span> <span class='ocrx_word' id='word_1_118' title='bbox 956 2999 1215 3060; x_wconf 86' lang='lat' dir='ltr'><strong>mundus</strong></span> 
     </span>
     <span class='ocr_line' id='line_1_29' title="bbox 613 3093 1165 3167; baseline 0.005 -19"><span class='ocrx_word' id='word_1_119' title='bbox 613 3099 674 3150; x_wconf 87' lang='lat' dir='ltr'><strong>te</strong></span> <span class='ocrx_word' id='word_1_120' title='bbox 702 3108 824 3150; x_wconf 89' lang='lat' dir='ltr'><strong>non</strong></span> <span class='ocrx_word' id='word_1_121' title='bbox 852 3093 1132 3167; x_wconf 88' lang='lat' dir='ltr'><strong>cognouit</strong></span> <span class='ocrx_word' id='word_1_122' title='bbox 1151 3123 1165 3139; x_wconf 91' lang='lat'><strong>·</strong></span> 
     </span>
     <span class='ocr_line' id='line_1_30' title="bbox 615 3182 1289 3264; baseline 0.004 -21"><span class='ocrx_word' id='word_1_123' title='bbox 615 3182 751 3261; x_wconf 87' lang='lat' dir='ltr'><strong>Ego</strong></span> <span class='ocrx_word' id='word_1_124' title='bbox 780 3195 977 3244; x_wconf 88' lang='lat' dir='ltr'><strong>autem</strong></span> <span class='ocrx_word' id='word_1_125' title='bbox 1006 3196 1063 3245; x_wconf 91' lang='lat' dir='ltr'><strong>te</strong></span> <span class='ocrx_word' id='word_1_126' title='bbox 1091 3204 1289 3264; x_wconf 83' lang='lat' dir='ltr'><strong>cogno</strong></span> 
     </span>
     <span class='ocr_line' id='line_1_31' title="bbox 615 3277 1236 3355; baseline 0.005 -19"><span class='ocrx_word' id='word_1_127' title='bbox 615 3277 678 3336; x_wconf 93' lang='lat' dir='ltr'><strong>ui</strong></span> <span class='ocrx_word' id='word_1_128' title='bbox 695 3308 711 3324; x_wconf 90' lang='lat'><strong>·</strong></span> <span class='ocrx_word' id='word_1_129' title='bbox 754 3289 813 3338; x_wconf 92' lang='lat' dir='ltr'><strong>et</strong></span> <span class='ocrx_word' id='word_1_130' title='bbox 842 3280 936 3339; x_wconf 89' lang='lat' dir='ltr'><strong>isti</strong></span> <span class='ocrx_word' id='word_1_131' title='bbox 962 3297 1236 3355; x_wconf 89' lang='lat' dir='ltr'><strong>cognoue</strong></span> 
     </span>
     <span class='ocr_line' id='line_1_32' title="bbox 612 3373 1239 3450; baseline 0.006 -19"><span class='ocrx_word' id='word_1_132' title='bbox 612 3383 749 3432; x_wconf 88' lang='lat' dir='ltr'><strong>runt</strong></span> <span class='ocrx_word' id='word_1_133' title='bbox 777 3373 914 3450; x_wconf 88' lang='lat' dir='ltr'><strong>quia</strong></span> <span class='ocrx_word' id='word_1_134' title='bbox 940 3383 1005 3434; x_wconf 91' lang='lat' dir='ltr'><strong>tu</strong></span> <span class='ocrx_word' id='word_1_135' title='bbox 1030 3393 1129 3434; x_wconf 89' lang='lat' dir='ltr'><strong>me</strong></span> <span class='ocrx_word' id='word_1_136' title='bbox 1156 3375 1239 3434; x_wconf 91' lang='lat' dir='ltr'><strong>mi</strong></span> 
     </span>
     <span class='ocr_line' id='line_1_33' title="bbox 616 3463 1219 3528; baseline 0.005 -4"><span class='ocrx_word' id='word_1_137' title='bbox 616 3465 737 3525; x_wconf 92' lang='lat' dir='ltr'><strong>sisti</strong></span> <span class='ocrx_word' id='word_1_138' title='bbox 779 3463 823 3500; x_wconf 81' lang='lat'><strong>²⁸</strong></span> <span class='ocrx_word' id='word_1_139' title='bbox 838 3476 899 3526; x_wconf 90' lang='lat' dir='ltr'><strong>et</strong></span> <span class='ocrx_word' id='word_1_140' title='bbox 924 3478 1132 3527; x_wconf 89' lang='lat' dir='ltr'><strong>notum</strong></span> <span class='ocrx_word' id='word_1_141' title='bbox 1161 3467 1219 3528; x_wconf 84' lang='lat' dir='ltr'><strong>fe</strong></span> 
     </span>
     <span class='ocr_line' id='line_1_34' title="bbox 615 3559 1235 3622; baseline 0.005 -4"><span class='ocrx_word' id='word_1_142' title='bbox 615 3560 669 3618; x_wconf 90' lang='lat' dir='ltr'><strong>ci</strong></span> <span class='ocrx_word' id='word_1_143' title='bbox 696 3559 807 3619; x_wconf 91' lang='lat' dir='ltr'><strong>illis</strong></span> <span class='ocrx_word' id='word_1_144' title='bbox 836 3579 1053 3622; x_wconf 89' lang='lat' dir='ltr'><strong>nomen</strong></span> <span class='ocrx_word' id='word_1_145' title='bbox 1082 3573 1235 3621; x_wconf 76' lang='lat' dir='ltr'><strong>tuu-</strong></span> 
     </span>
     <span class='ocr_line' id='line_1_35' title="bbox 604 3653 1270 3733; baseline 0.003 -19"><span class='ocrx_word' id='word_1_146' title='bbox 604 3653 675 3714; x_wconf 85' lang='lat' dir='ltr'><strong>‘et</strong></span> <span class='ocrx_word' id='word_1_147' title='bbox 704 3657 1007 3733; x_wconf 86' lang='lat' dir='ltr'><strong>cognitum</strong></span> <span class='ocrx_word' id='word_1_148' title='bbox 1037 3656 1236 3717; x_wconf 67' lang='lat' dir='ltr'><strong>facia*</strong></span> <span class='ocrx_word' id='word_1_149' title='bbox 1255 3687 1270 3704; x_wconf 90' lang='lat'><strong>·</strong></span> 
     </span>
     <span class='ocr_line' id='line_1_36' title="bbox 614 3750 1185 3826; baseline 0.004 -19"><span class='ocrx_word' id='word_1_150' title='bbox 614 3758 679 3807; x_wconf 92' lang='lat' dir='ltr'><strong>ut</strong></span> <span class='ocrx_word' id='word_1_151' title='bbox 706 3750 914 3808; x_wconf 86' lang='lat' dir='ltr'><strong>caritas</strong></span> <span class='ocrx_word' id='word_1_152' title='bbox 941 3767 1059 3826; x_wconf 91' lang='lat' dir='ltr'><strong>qua</strong></span> <span class='ocrx_word' id='word_1_153' title='bbox 1086 3768 1185 3809; x_wconf 89' lang='lat' dir='ltr'><strong>me</strong></span> 
     </span>
     <span class='ocr_line' id='line_1_37' title="bbox 614 3843 1215 3904; baseline -0.002 0"><span class='ocrx_word' id='word_1_154' title='bbox 614 3843 863 3904; x_wconf 85' lang='lat' dir='ltr'><strong>dilexisti</strong></span> <span class='ocrx_word' id='word_1_155' title='bbox 893 3844 953 3902; x_wconf 90' lang='lat' dir='ltr'><strong>in</strong></span> <span class='ocrx_word' id='word_1_156' title='bbox 979 3844 1111 3903; x_wconf 87' lang='lat' dir='ltr'><strong>illos</strong></span> <span class='ocrx_word' id='word_1_157' title='bbox 1140 3845 1215 3904; x_wconf 89' lang='lat' dir='ltr'><strong>sit</strong></span> 
     </span>
     <span class='ocr_line' id='line_1_38' title="bbox 608 3936 1238 4014; baseline 0.003 -25"><span class='ocrx_word' id='word_1_158' title='bbox 608 3963 693 3989; x_wconf 56' lang='lat' dir='ltr'><strong>m</strong></span> <span class='ocrx_word' id='word_1_159' title='bbox 712 3947 771 3998; x_wconf 89' lang='lat' dir='ltr'><strong>et</strong></span> <span class='ocrx_word' id='word_1_160' title='bbox 798 3955 915 4014; x_wconf 90' lang='lat' dir='ltr'><strong>ego</strong></span> <span class='ocrx_word' id='word_1_161' title='bbox 940 3938 999 3996; x_wconf 90' lang='lat' dir='ltr'><strong>in</strong></span> <span class='ocrx_word' id='word_1_162' title='bbox 1028 3936 1139 3996; x_wconf 88' lang='lat' dir='ltr'><strong>illis</strong></span> <span class='ocrx_word' id='word_1_163' title='bbox 1157 3963 1238 3991; x_wconf 52' lang='lat' dir='ltr'><strong>„e-</strong></span> 
     </span>
    </p>
   </div>
   <div class='ocr_carea' id='block_1_11' title="bbox 1882 335 2356 408">
    <p class='ocr_par' dir='ltr' id='par_1_11' title="bbox 1882 335 2356 408">
     <span class='ocr_line' id='line_1_39' title="bbox 1882 335 2356 408; baseline 0.004 -2"><span class='ocrx_word' id='word_1_164' title='bbox 1882 346 2106 407; x_wconf 86' lang='lat' dir='ltr'><em>IOHA</em></span> <span class='ocrx_word' id='word_1_165' title='bbox 2117 335 2328 408; x_wconf 76' lang='lat' dir='ltr'><em>NNE·</em></span> <span class='ocrx_word' id='word_1_166' title='bbox 2342 377 2356 392; x_wconf 93' lang='lat'><strong>·</strong></span> 
     </span>
    </p>
   </div>
   <div class='ocr_carea' id='block_1_12' title="bbox 1373 525 2024 2364">
    <p class='ocr_par' dir='ltr' id='par_1_12' title="bbox 1381 525 2024 1425">
     <span class='ocr_line' id='line_1_40' title="bbox 1388 525 1828 582; baseline 0.002 -2"><span class='ocrx_word' id='word_1_167' title='bbox 1388 531 1546 581; x_wconf 86' lang='lat' dir='ltr'><strong>trans</strong></span> <span class='ocrx_word' id='word_1_168' title='bbox 1574 525 1828 582; x_wconf 69' lang='lat' dir='ltr'><strong>torrente</strong></span> 
     </span>
     <span class='ocr_line' id='line_1_41' title="bbox 1390 616 1960 677; baseline 0.005 -3"><span class='ocrx_word' id='word_1_169' title='bbox 1390 617 1647 676; x_wconf 88' lang='lat' dir='ltr'><strong>caedron</strong></span> <span class='ocrx_word' id='word_1_170' title='bbox 1714 616 1815 675; x_wconf 91' lang='lat' dir='ltr'><strong>ubi</strong></span> <span class='ocrx_word' id='word_1_171' title='bbox 1843 627 1960 677; x_wconf 75' lang='lat' dir='ltr'><strong>er⁰t</strong></span> 
     </span>
     <span class='ocr_line' id='line_1_42' title="bbox 1387 707 1915 786; baseline 0.002 -20"><span class='ocrx_word' id='word_1_172' title='bbox 1387 707 1589 768; x_wconf 90' lang='lat' dir='ltr'><strong>hortus</strong></span> <span class='ocrx_word' id='word_1_173' title='bbox 1617 710 1677 768; x_wconf 90' lang='lat' dir='ltr'><strong>in</strong></span> <span class='ocrx_word' id='word_1_174' title='bbox 1706 728 1825 786; x_wconf 93' lang='lat' dir='ltr'><strong>quo</strong></span> <span class='ocrx_word' id='word_1_175' title='bbox 1853 710 1915 768; x_wconf 92' lang='lat' dir='ltr'><strong>in</strong></span> 
     </span>
     <span class='ocr_line' id='line_1_43' title="bbox 1384 803 1938 880; baseline 0.004 -20"><span class='ocrx_word' id='word_1_176' title='bbox 1384 803 1581 861; x_wconf 92' lang='lat' dir='ltr'><strong>troiuit</strong></span> <span class='ocrx_word' id='word_1_177' title='bbox 1609 804 1735 880; x_wconf 92' lang='lat' dir='ltr'><strong>ipse</strong></span> <span class='ocrx_word' id='word_1_178' title='bbox 1761 814 1821 862; x_wconf 92' lang='lat' dir='ltr'><strong>et</strong></span> <span class='ocrx_word' id='word_1_179' title='bbox 1848 803 1938 862; x_wconf 89' lang='lat' dir='ltr'><strong>dis</strong></span> 
     </span>
     <span class='ocr_line' id='line_1_44' title="bbox 1385 896 1923 972; baseline -0.002 -17"><span class='ocrx_word' id='word_1_180' title='bbox 1385 896 1563 972; x_wconf 91' lang='lat' dir='ltr'><strong>cipuli</strong></span> <span class='ocrx_word' id='word_1_181' title='bbox 1583 898 1707 956; x_wconf 88' lang='lat' dir='ltr'><strong>eius</strong></span> <span class='ocrx_word' id='word_1_182' title='bbox 1726 928 1741 943; x_wconf 93' lang='lat'><strong>·</strong></span> <span class='ocrx_word' id='word_1_183' title='bbox 1784 898 1807 932; x_wconf 82' lang='lat'><strong>⁵¹</strong></span> <span class='ocrx_word' id='word_1_184' title='bbox 1828 896 1923 957; x_wconf 92' lang='lat' dir='ltr'><strong>Sci</strong></span> 
     </span>
     <span class='ocr_line' id='line_1_45' title="bbox 1384 990 2024 1050; baseline 0.002 -2"><span class='ocrx_word' id='word_1_185' title='bbox 1384 990 1521 1048; x_wconf 90' lang='lat' dir='ltr'><strong>ebat</strong></span> <span class='ocrx_word' id='word_1_186' title='bbox 1548 1000 1747 1049; x_wconf 88' lang='lat' dir='ltr'><strong>autem</strong></span> <span class='ocrx_word' id='word_1_187' title='bbox 1774 1001 1836 1050; x_wconf 90' lang='lat' dir='ltr'><strong>et</strong></span> <span class='ocrx_word' id='word_1_188' title='bbox 1864 990 2024 1050; x_wconf 72' lang='lat' dir='ltr'><strong>iud⁸s</strong></span> 
     </span>
     <span class='ocr_line' id='line_1_46' title="bbox 1385 1084 1894 1160; baseline 0.004 -19"><span class='ocrx_word' id='word_1_189' title='bbox 1385 1084 1485 1160; x_wconf 92' lang='lat' dir='ltr'><strong>qui</strong></span> <span class='ocrx_word' id='word_1_190' title='bbox 1515 1101 1653 1143; x_wconf 89' lang='lat' dir='ltr'><strong>eum</strong></span> <span class='ocrx_word' id='word_1_191' title='bbox 1683 1084 1894 1143; x_wconf 90' lang='lat' dir='ltr'><strong>traditu</strong></span> 
     </span>
     <span class='ocr_line' id='line_1_47' title="bbox 1382 1177 1891 1237; baseline 0.004 -2"><span class='ocrx_word' id='word_1_192' title='bbox 1382 1194 1481 1235; x_wconf 88' lang='lat' dir='ltr'><strong>rus</strong></span> <span class='ocrx_word' id='word_1_193' title='bbox 1508 1188 1629 1236; x_wconf 85' lang='lat' dir='ltr'><strong>erat</strong></span> <span class='ocrx_word' id='word_1_194' title='bbox 1655 1177 1853 1237; x_wconf 90' lang='lat' dir='ltr'><strong>locum</strong></span> <span class='ocrx_word' id='word_1_195' title='bbox 1878 1209 1891 1225; x_wconf 89' lang='lat'><strong>·</strong></span> 
     </span>
     <span class='ocr_line' id='line_1_48' title="bbox 1383 1271 1887 1350; baseline 0.006 -22"><span class='ocrx_word' id='word_1_196' title='bbox 1383 1271 1521 1349; x_wconf 89' lang='lat' dir='ltr'><strong>quia</strong></span> <span class='ocrx_word' id='word_1_197' title='bbox 1549 1271 1887 1350; x_wconf 88' lang='lat' dir='ltr'><strong>frequenter</strong></span> 
     </span>
     <span class='ocr_line' id='line_1_49' title="bbox 1381 1366 1859 1425; baseline 0.004 -2"><span class='ocrx_word' id='word_1_198' title='bbox 1381 1376 1742 1425; x_wconf 89' lang='lat' dir='ltr'><strong>conuenerat</strong></span> <span class='ocrx_word' id='word_1_199' title='bbox 1770 1366 1859 1425; x_wconf 80' lang='lat' dir='ltr'><strong>ihs</strong></span> 
     </span>
    </p>

    <p class='ocr_par' dir='ltr' id='par_1_13' title="bbox 1373 1458 1985 2364">
     <span class='ocr_line' id='line_1_50' title="bbox 1380 1458 1953 1537; baseline 0.007 -21"><span class='ocrx_word' id='word_1_200' title='bbox 1380 1458 1459 1516; x_wconf 91' lang='lat' dir='ltr'><strong>ibi</strong></span> <span class='ocrx_word' id='word_1_201' title='bbox 1488 1476 1621 1518; x_wconf 89' lang='lat' dir='ltr'><strong>cum</strong></span> <span class='ocrx_word' id='word_1_202' title='bbox 1654 1458 1953 1537; x_wconf 87' lang='lat' dir='ltr'><strong>discipulis</strong></span> 
     </span>
     <span class='ocr_line' id='line_1_51' title="bbox 1376 1552 1985 1633; baseline 0.007 -22"><span class='ocrx_word' id='word_1_203' title='bbox 1376 1552 1497 1611; x_wconf 88' lang='lat' dir='ltr'><strong>suis</strong></span> <span class='ocrx_word' id='word_1_204' title='bbox 1520 1584 1534 1599; x_wconf 94' lang='lat'><strong>·</strong></span> <span class='ocrx_word' id='word_1_205' title='bbox 1590 1552 1612 1587; x_wconf 84' lang='lat'>⁸</span> <span class='ocrx_word' id='word_1_206' title='bbox 1629 1552 1809 1613; x_wconf 89' lang='lat' dir='ltr'><strong>Iudas</strong></span> <span class='ocrx_word' id='word_1_207' title='bbox 1836 1554 1985 1633; x_wconf 74' lang='lat' dir='ltr'><strong>itaqs</strong></span> 
     </span>
     <span class='ocr_line' id='line_1_52' title="bbox 1376 1646 1891 1723; baseline 0.008 -20"><span class='ocrx_word' id='word_1_208' title='bbox 1376 1654 1615 1723; x_wconf 80' lang='lat' dir='ltr'><strong>accepta</strong></span> <span class='ocrx_word' id='word_1_209' title='bbox 1642 1646 1891 1707; x_wconf 84' lang='lat' dir='ltr'>cohorte</span> 
     </span>
     <span class='ocr_line' id='line_1_53' title="bbox 1376 1739 1930 1819; baseline 0.009 -22"><span class='ocrx_word' id='word_1_210' title='bbox 1376 1739 1621 1799; x_wconf 83' lang='lat' dir='ltr'><strong>militum</strong></span> <span class='ocrx_word' id='word_1_211' title='bbox 1650 1750 1709 1801; x_wconf 90' lang='lat' dir='ltr'><strong>et</strong></span> <span class='ocrx_word' id='word_1_212' title='bbox 1737 1758 1773 1800; x_wconf 84' lang='lat' dir='ltr'><strong>a</strong></span> <span class='ocrx_word' id='word_1_213' title='bbox 1800 1740 1930 1819; x_wconf 72' lang='lat' dir='ltr'><strong>prin</strong></span> 
     </span>
     <span class='ocr_line' id='line_1_54' title="bbox 1377 1834 1799 1910; baseline 0.002 -18"><span class='ocrx_word' id='word_1_214' title='bbox 1377 1834 1604 1910; x_wconf 91' lang='lat' dir='ltr'><strong>cipibus</strong></span> <span class='ocrx_word' id='word_1_215' title='bbox 1633 1852 1799 1895; x_wconf 88' lang='lat' dir='ltr'><strong>sacer</strong></span> 
     </span>
     <span class='ocr_line' id='line_1_55' title="bbox 1378 1927 1871 1989; baseline 0.006 -3"><span class='ocrx_word' id='word_1_216' title='bbox 1378 1927 1584 1987; x_wconf 91' lang='lat' dir='ltr'><strong>dotum</strong></span> <span class='ocrx_word' id='word_1_217' title='bbox 1614 1938 1671 1989; x_wconf 93' lang='lat' dir='ltr'><strong>et</strong></span> <span class='ocrx_word' id='word_1_218' title='bbox 1698 1928 1871 1989; x_wconf 85' lang='lat' dir='ltr'><strong>farise</strong></span> 
     </span>
     <span class='ocr_line' id='line_1_56' title="bbox 1375 2023 1884 2083; baseline 0.006 -3"><span class='ocrx_word' id='word_1_219' title='bbox 1375 2039 1546 2081; x_wconf 88' lang='lat' dir='ltr'><strong>orum</strong></span> <span class='ocrx_word' id='word_1_220' title='bbox 1574 2023 1851 2083; x_wconf 82' lang='lat' dir='ltr'><strong>ministris</strong></span> <span class='ocrx_word' id='word_1_221' title='bbox 1869 2056 1884 2071; x_wconf 92' lang='lat'><strong>·</strong></span> 
     </span>
     <span class='ocr_line' id='line_1_57' title="bbox 1374 2116 1953 2178; baseline 0.009 -5"><span class='ocrx_word' id='word_1_222' title='bbox 1374 2116 1537 2174; x_wconf 89' lang='lat' dir='ltr'><strong>uenit</strong></span> <span class='ocrx_word' id='word_1_223' title='bbox 1562 2116 1623 2175; x_wconf 89' lang='lat' dir='ltr'><strong>in</strong></span> <span class='ocrx_word' id='word_1_224' title='bbox 1651 2116 1848 2176; x_wconf 91' lang='lat' dir='ltr'><strong>locum</strong></span> <span class='ocrx_word' id='word_1_225' title='bbox 1877 2124 1953 2178; x_wconf 84' lang='lat' dir='ltr'><strong>cii</strong></span> 
     </span>
     <span class='ocr_line' id='line_1_58' title="bbox 1373 2209 1959 2289; baseline 0.01 -22"><span class='ocrx_word' id='word_1_226' title='bbox 1373 2209 1649 2269; x_wconf 84' lang='lat' dir='ltr'><strong>lanternis</strong></span> <span class='ocrx_word' id='word_1_227' title='bbox 1677 2219 1735 2270; x_wconf 90' lang='lat' dir='ltr'><strong>et</strong></span> <span class='ocrx_word' id='word_1_228' title='bbox 1761 2212 1959 2289; x_wconf 80' lang='lat' dir='ltr'><strong>lampa</strong></span> 
     </span>
     <span class='ocr_line' id='line_1_59' title="bbox 1374 2302 1831 2364; baseline 0.002 -1"><span class='ocrx_word' id='word_1_229' title='bbox 1374 2302 1545 2363; x_wconf 90' lang='lat' dir='ltr'><strong>dibus</strong></span> <span class='ocrx_word' id='word_1_230' title='bbox 1572 2315 1630 2364; x_wconf 89' lang='lat' dir='ltr'><strong>et</strong></span> <span class='ocrx_word' id='word_1_231' title='bbox 1656 2306 1831 2364; x_wconf 87' lang='lat' dir='ltr'><strong>armis</strong></span> 
     </span>
    </p>
   </div>
   <div class='ocr_carea' id='block_1_13' title="bbox 1369 2433 2008 3062">
    <p class='ocr_par' dir='ltr' id='par_1_14' title="bbox 1369 2433 2008 3062">
     <span class='ocr_line' id='line_1_60' title="bbox 1371 2433 1942 2497; baseline 0.007 -4"><span class='ocrx_word' id='word_1_232' title='bbox 1371 2433 1394 2466; x_wconf 86' lang='lat'><strong>⁴</strong></span> <span class='ocrx_word' id='word_1_233' title='bbox 1411 2434 1502 2494; x_wconf 80' lang='lat' dir='ltr'><strong>ihs</strong></span> <span class='ocrx_word' id='word_1_234' title='bbox 1528 2444 1723 2495; x_wconf 84' lang='lat' dir='ltr'><strong>autem</strong></span> <span class='ocrx_word' id='word_1_235' title='bbox 1752 2436 1942 2497; x_wconf 89' lang='lat' dir='ltr'><strong>sciens</strong></span> 
     </span>
     <span class='ocr_line' id='line_1_61' title="bbox 1371 2529 1991 2592; baseline 0.006 -4"><span class='ocrx_word' id='word_1_236' title='bbox 1371 2529 1573 2588; x_wconf 90' lang='lat' dir='ltr'><strong>omnia</strong></span> <span class='ocrx_word' id='word_1_237' title='bbox 1600 2531 1893 2591; x_wconf 89' lang='lat' dir='ltr'><strong>uenientia</strong></span> <span class='ocrx_word' id='word_1_238' title='bbox 1921 2549 1991 2592; x_wconf 85' lang='lat' dir='ltr'><strong>su</strong></span> 
     </span>
     <span class='ocr_line' id='line_1_62' title="bbox 1372 2625 1953 2700; baseline 0.007 -19"><span class='ocrx_word' id='word_1_239' title='bbox 1372 2641 1479 2700; x_wconf 92' lang='lat' dir='ltr'><strong>per</strong></span> <span class='ocrx_word' id='word_1_240' title='bbox 1504 2641 1569 2682; x_wconf 90' lang='lat' dir='ltr'><strong>se</strong></span> <span class='ocrx_word' id='word_1_241' title='bbox 1596 2656 1611 2671; x_wconf 92' lang='lat'><strong>·</strong></span> <span class='ocrx_word' id='word_1_242' title='bbox 1654 2625 1867 2700; x_wconf 92' lang='lat' dir='ltr'><strong>prodiit</strong></span> <span class='ocrx_word' id='word_1_243' title='bbox 1894 2636 1953 2685; x_wconf 91' lang='lat' dir='ltr'><strong>et</strong></span> 
     </span>
     <span class='ocr_line' id='line_1_63' title="bbox 1376 2717 1974 2799; baseline 0.005 -23"><span class='ocrx_word' id='word_1_244' title='bbox 1376 2717 1517 2776; x_wconf 91' lang='lat' dir='ltr'><strong>dicit</strong></span> <span class='ocrx_word' id='word_1_245' title='bbox 1544 2718 1654 2778; x_wconf 91' lang='lat' dir='ltr'><strong>illis</strong></span> <span class='ocrx_word' id='word_1_246' title='bbox 1697 2737 1875 2796; x_wconf 89' lang='lat' dir='ltr'><strong>quem</strong></span> <span class='ocrx_word' id='word_1_247' title='bbox 1903 2721 1974 2799; x_wconf 71' lang='lat' dir='ltr'><strong>qs</strong></span> 
     </span>
     <span class='ocr_line' id='line_1_64' title="bbox 1370 2811 1907 2890; baseline 0.004 -20"><span class='ocrx_word' id='word_1_248' title='bbox 1370 2811 1495 2871; x_wconf 90' lang='lat' dir='ltr'><strong>ritis</strong></span> <span class='ocrx_word' id='word_1_249' title='bbox 1516 2843 1531 2859; x_wconf 93' lang='lat'><strong>·</strong></span> <span class='ocrx_word' id='word_1_250' title='bbox 1576 2811 1597 2844; x_wconf 74' lang='lat'><strong>⁶</strong></span> <span class='ocrx_word' id='word_1_251' title='bbox 1614 2813 1907 2890; x_wconf 86' lang='lat' dir='ltr'><strong>responde</strong></span> 
     </span>
     <span class='ocr_line' id='line_1_65' title="bbox 1371 2906 1994 2968; baseline 0.005 -4"><span class='ocrx_word' id='word_1_252' title='bbox 1371 2915 1505 2965; x_wconf 90' lang='lat' dir='ltr'><strong>runt</strong></span> <span class='ocrx_word' id='word_1_253' title='bbox 1532 2906 1610 2964; x_wconf 93' lang='lat' dir='ltr'><strong>illi</strong></span> <span class='ocrx_word' id='word_1_254' title='bbox 1632 2937 1648 2954; x_wconf 89' lang='lat'><strong>·</strong></span> <span class='ocrx_word' id='word_1_255' title='bbox 1692 2906 1813 2966; x_wconf 85' lang='lat' dir='ltr'><strong>ihm</strong></span> <span class='ocrx_word' id='word_1_256' title='bbox 1840 2925 1994 2968; x_wconf 91' lang='lat' dir='ltr'><strong>nazo</strong></span> 
     </span>
     <span class='ocr_line' id='line_1_66' title="bbox 1369 3000 2008 3062; baseline 0.006 -5"><span class='ocrx_word' id='word_1_257' title='bbox 1369 3017 1534 3060; x_wconf 91' lang='lat' dir='ltr'><strong>reum</strong></span> <span class='ocrx_word' id='word_1_258' title='bbox 1557 3031 1573 3048; x_wconf 88' lang='lat'><strong>·</strong></span> <span class='ocrx_word' id='word_1_259' title='bbox 1618 3000 1756 3061; x_wconf 90' lang='lat' dir='ltr'><strong>dicit</strong></span> <span class='ocrx_word' id='word_1_260' title='bbox 1781 3001 1892 3061; x_wconf 87' lang='lat' dir='ltr'><strong>illis</strong></span> <span class='ocrx_word' id='word_1_261' title='bbox 1919 3001 2008 3062; x_wconf 81' lang='lat' dir='ltr'><strong>ihs</strong></span> 
     </span>
    </p>
   </div>
   <div class='ocr_carea' id='block_1_14' title="bbox 1346 3094 1933 3171">
    <p class='ocr_par' dir='ltr' id='par_1_15' title="bbox 1346 3094 1933 3171">
     <span class='ocr_line' id='line_1_67' title="bbox 1346 3094 1933 3171; baseline 0.003 -19"><span class='ocrx_word' id='word_1_262' title='bbox 1346 3111 1484 3171; x_wconf 52' lang='lat' dir='ltr'><strong>,ego</strong></span> <span class='ocrx_word' id='word_1_263' title='bbox 1512 3111 1647 3153; x_wconf 88' lang='lat' dir='ltr'><strong>sum</strong></span> <span class='ocrx_word' id='word_1_264' title='bbox 1668 3123 1683 3140; x_wconf 91' lang='lat'><strong>·</strong></span> <span class='ocrx_word' id='word_1_265' title='bbox 1729 3094 1933 3154; x_wconf 85' lang='lat' dir='ltr'><strong>Stabat</strong></span> 
     </span>
    </p>
   </div>
   <div class='ocr_carea' id='block_1_15' title="bbox 1364 3188 2017 4016">
    <p class='ocr_par' dir='ltr' id='par_1_16' title="bbox 1366 3188 2009 3623">
     <span class='ocr_line' id='line_1_68' title="bbox 1368 3188 1989 3266; baseline 0.002 -19"><span class='ocrx_word' id='word_1_266' title='bbox 1368 3199 1567 3248; x_wconf 88' lang='lat' dir='ltr'><strong>autem</strong></span> <span class='ocrx_word' id='word_1_267' title='bbox 1597 3198 1656 3247; x_wconf 90' lang='lat' dir='ltr'><strong>et</strong></span> <span class='ocrx_word' id='word_1_268' title='bbox 1684 3188 1851 3248; x_wconf 87' lang='lat' dir='ltr'><strong>iudas</strong></span> <span class='ocrx_word' id='word_1_269' title='bbox 1879 3208 1989 3266; x_wconf 89' lang='lat' dir='ltr'><strong>pro</strong></span> 
     </span>
     <span class='ocr_line' id='line_1_69' title="bbox 1368 3282 1949 3360; baseline 0.002 -19"><span class='ocrx_word' id='word_1_270' title='bbox 1368 3282 1520 3341; x_wconf 92' lang='lat' dir='ltr'><strong>ditor</strong></span> <span class='ocrx_word' id='word_1_271' title='bbox 1544 3282 1695 3342; x_wconf 87' lang='lat' dir='ltr'><strong>illius</strong></span> <span class='ocrx_word' id='word_1_272' title='bbox 1724 3301 1859 3342; x_wconf 90' lang='lat' dir='ltr'><strong>cum</strong></span> <span class='ocrx_word' id='word_1_273' title='bbox 1886 3285 1949 3360; x_wconf 90' lang='lat' dir='ltr'><strong>ip</strong></span> 
     </span>
     <span class='ocr_line' id='line_1_70' title="bbox 1368 3375 2009 3454; baseline 0.005 -19"><span class='ocrx_word' id='word_1_274' title='bbox 1368 3377 1447 3435; x_wconf 88' lang='lat' dir='ltr'><strong>sis</strong></span> <span class='ocrx_word' id='word_1_275' title='bbox 1471 3407 1486 3423; x_wconf 90' lang='lat'><strong>·</strong></span> <span class='ocrx_word' id='word_1_276' title='bbox 1528 3378 1550 3410; x_wconf 81' lang='lat'>⁸</span> <span class='ocrx_word' id='word_1_277' title='bbox 1572 3375 1655 3434; x_wconf 87' lang='lat' dir='ltr'><strong>Ut</strong></span> <span class='ocrx_word' id='word_1_278' title='bbox 1683 3395 1829 3454; x_wconf 88' lang='lat' dir='ltr'><strong>ergo</strong></span> <span class='ocrx_word' id='word_1_279' title='bbox 1864 3377 2009 3438; x_wconf 85' lang='lat' dir='ltr'><strong>dixit</strong></span> 
     </span>
     <span class='ocr_line' id='line_1_71' title="bbox 1368 3469 1943 3547; baseline 0.002 -19"><span class='ocrx_word' id='word_1_280' title='bbox 1368 3469 1477 3528; x_wconf 88' lang='lat' dir='ltr'><strong>illis</strong></span> <span class='ocrx_word' id='word_1_281' title='bbox 1506 3488 1620 3547; x_wconf 91' lang='lat' dir='ltr'><strong>ego</strong></span> <span class='ocrx_word' id='word_1_282' title='bbox 1650 3487 1782 3529; x_wconf 90' lang='lat' dir='ltr'><strong>sum</strong></span> <span class='ocrx_word' id='word_1_283' title='bbox 1812 3472 1943 3530; x_wconf 90' lang='lat' dir='ltr'><strong>abie</strong></span> 
     </span>
     <span class='ocr_line' id='line_1_72' title="bbox 1366 3573 1887 3623; baseline 0.004 -2"><span class='ocrx_word' id='word_1_284' title='bbox 1366 3573 1502 3622; x_wconf 90' lang='lat' dir='ltr'><strong>runt</strong></span> <span class='ocrx_word' id='word_1_285' title='bbox 1521 3596 1533 3610; x_wconf 94' lang='lat'><strong>·</strong></span> <span class='ocrx_word' id='word_1_286' title='bbox 1568 3573 1887 3623; x_wconf 82' lang='lat' dir='ltr'><strong>ret-rorsum</strong></span> 
     </span>
    </p>

    <p class='ocr_par' dir='ltr' id='par_1_17' title="bbox 1364 3658 2017 4016">
     <span class='ocr_line' id='line_1_73' title="bbox 1365 3658 1991 3720; baseline 0.002 -4"><span class='ocrx_word' id='word_1_287' title='bbox 1365 3667 1425 3718; x_wconf 89' lang='lat' dir='ltr'><strong>et</strong></span> <span class='ocrx_word' id='word_1_288' title='bbox 1450 3658 1787 3720; x_wconf 79' lang='lat' dir='ltr'><strong>ceciderunt</strong></span> <span class='ocrx_word' id='word_1_289' title='bbox 1814 3659 1875 3717; x_wconf 89' lang='lat' dir='ltr'><strong>in</strong></span> <span class='ocrx_word' id='word_1_290' title='bbox 1902 3668 1991 3718; x_wconf 90' lang='lat' dir='ltr'><strong>ter</strong></span> 
     </span>
     <span class='ocr_line' id='line_1_74' title="bbox 1364 3750 1997 3830; baseline 0.002 -20"><span class='ocrx_word' id='word_1_291' title='bbox 1364 3769 1491 3810; x_wconf 88' lang='lat' dir='ltr'><strong>ram</strong></span> <span class='ocrx_word' id='word_1_292' title='bbox 1510 3783 1525 3799; x_wconf 92' lang='lat'><strong>·</strong></span> <span class='ocrx_word' id='word_1_293' title='bbox 1569 3753 1591 3784; x_wconf 88' lang='lat'>⁷</span> <span class='ocrx_word' id='word_1_294' title='bbox 1610 3750 1827 3811; x_wconf 88' lang='lat' dir='ltr'><strong>Iterum</strong></span> <span class='ocrx_word' id='word_1_295' title='bbox 1856 3769 1997 3830; x_wconf 90' lang='lat' dir='ltr'><strong>ergo</strong></span> 
     </span>
     <span class='ocr_line' id='line_1_75' title="bbox 1366 3846 1905 3923; baseline 0.002 -18"><span class='ocrx_word' id='word_1_296' title='bbox 1366 3846 1747 3923; x_wconf 86' lang='lat' dir='ltr'><strong>interrogauit</strong></span> <span class='ocrx_word' id='word_1_297' title='bbox 1773 3846 1905 3906; x_wconf 89' lang='lat' dir='ltr'><strong>illos</strong></span> 
     </span>
     <span class='ocr_line' id='line_1_76' title="bbox 1366 3937 2017 4016; baseline 0.002 -19"><span class='ocrx_word' id='word_1_298' title='bbox 1366 3957 1543 4016; x_wconf 89' lang='lat' dir='ltr'><strong>quem</strong></span> <span class='ocrx_word' id='word_1_299' title='bbox 1574 3939 1851 4016; x_wconf 85' lang='lat' dir='ltr'><strong>quaeritis</strong></span> <span class='ocrx_word' id='word_1_300' title='bbox 1874 3970 1889 3986; x_wconf 90' lang='lat'><strong>·</strong></span> <span class='ocrx_word' id='word_1_301' title='bbox 1934 3937 2017 3998; x_wconf 89' lang='lat' dir='ltr'><strong>At</strong></span> 
     </span>
    </p>
   </div>
   <div class='ocr_carea' id='block_1_16' title="bbox 552 4027 1997 4093">
    <p class='ocr_par' dir='ltr' id='par_1_18' title="bbox 552 4027 1997 4093">
     <span class='ocr_line' id='line_1_77' title="bbox 552 4027 1997 4093; baseline 0.002 -3"><span class='ocrx_word' id='word_1_302' title='bbox 552 4029 587 4069; x_wconf 89' lang='grc'>*</span> <span class='ocrx_word' id='word_1_303' title='bbox 609 4029 1060 4090; x_wconf 83' lang='lat' dir='ltr'><strong>18.¹Haeccum</strong></span> <span class='ocrx_word' id='word_1_304' title='bbox 1071 4027 1313 4092; x_wconf 73' lang='lat' dir='ltr'><strong>dixisset</strong></span> <span class='ocrx_word' id='word_1_305' title='bbox 1363 4033 1443 4092; x_wconf 90' lang='lat' dir='ltr'><strong>illi</strong></span> <span class='ocrx_word' id='word_1_306' title='bbox 1471 4033 1741 4092; x_wconf 86' lang='lat' dir='ltr'><strong>dixerunt</strong></span> <span class='ocrx_word' id='word_1_307' title='bbox 1768 4033 1888 4092; x_wconf 85' lang='lat' dir='ltr'><strong>ihm</strong></span> <span class='ocrx_word' id='word_1_308' title='bbox 1916 4051 1997 4093; x_wconf 84' lang='lat' dir='ltr'><strong>na</strong></span> 
     </span>
    </p>
   </div>
   <div class='ocr_carea' id='block_1_17' title="bbox 555 4125 1119 4297">
    <p class='ocr_par' dir='ltr' id='par_1_19' title="bbox 555 4125 1119 4297">
     <span class='ocr_line' id='line_1_78' title="bbox 555 4125 1119 4185; baseline 0.004 -3"><span class='ocrx_word' id='word_1_309' title='bbox 555 4125 589 4164; x_wconf 82' lang='grc'>*</span> <span class='ocrx_word' id='word_1_310' title='bbox 610 4125 731 4183; x_wconf 85' lang='lat' dir='ltr'><strong>ihs·</strong></span> <span class='ocrx_word' id='word_1_311' title='bbox 774 4126 955 4184; x_wconf 92' lang='lat' dir='ltr'><strong>exiuit</strong></span> <span class='ocrx_word' id='word_1_312' title='bbox 982 4143 1119 4185; x_wconf 84' lang='lat' dir='ltr'><strong>curn</strong></span> 
     </span>
     <span class='ocr_line' id='line_1_79' title="bbox 594 4218 1048 4297; baseline 0 -20"><span class='ocrx_word' id='word_1_313' title='bbox 594 4218 903 4297; x_wconf 87' lang='lat' dir='ltr'><strong>discipulis</strong></span> <span class='ocrx_word' id='word_1_314' title='bbox 930 4219 1048 4278; x_wconf 91' lang='lat' dir='ltr'><strong>suis</strong></span> 
     </span>
    </p>
   </div>
   <div class='ocr_carea' id='block_1_18' title="bbox 1362 4125 2046 4282">
    <p class='ocr_par' dir='ltr' id='par_1_20' title="bbox 1362 4125 2046 4282">
     <span class='ocr_line' id='line_1_80' title="bbox 1362 4125 1965 4203; baseline -0.002 -17"><span class='ocrx_word' id='word_1_315' title='bbox 1362 4144 1600 4186; x_wconf 88' lang='lat' dir='ltr'><strong>zoreum</strong></span> <span class='ocrx_word' id='word_1_316' title='bbox 1621 4158 1636 4174; x_wconf 91' lang='lat'><strong>·</strong></span> <span class='ocrx_word' id='word_1_317' title='bbox 1679 4125 1701 4160; x_wconf 83' lang='lat'><strong>⁸</strong></span> <span class='ocrx_word' id='word_1_318' title='bbox 1720 4127 1965 4203; x_wconf 87' lang='lat' dir='ltr'><strong>Respon</strong></span> 
     </span>
     <span class='ocr_line' id='line_1_81' title="bbox 1362 4220 2046 4282; baseline 0.003 -3"><span class='ocrx_word' id='word_1_319' title='bbox 1362 4220 1446 4280; x_wconf 90' lang='lat' dir='ltr'><strong>dit</strong></span> <span class='ocrx_word' id='word_1_320' title='bbox 1464 4221 1571 4280; x_wconf 91' lang='lat' dir='ltr'><strong>illis</strong></span> <span class='ocrx_word' id='word_1_321' title='bbox 1588 4220 1677 4282; x_wconf 85' lang='lat' dir='ltr'><strong>ihs</strong></span> <span class='ocrx_word' id='word_1_322' title='bbox 1696 4253 1710 4268; x_wconf 93' lang='lat'><strong>·</strong></span> <span class='ocrx_word' id='word_1_323' title='bbox 1740 4220 1861 4282; x_wconf 82' lang='lat' dir='ltr'><strong>dixi</strong></span> <span class='ocrx_word' id='word_1_324' title='bbox 1878 4220 2046 4281; x_wconf 90' lang='lat' dir='ltr'><strong>uobis</strong></span> 
     </span>
    </p>
   </div>
   <div class='ocr_carea' id='block_1_19' title="bbox 2184 522 2788 2175">
    <p class='ocr_par' dir='ltr' id='par_1_21' title="bbox 2196 522 2788 770">
     <span class='ocr_line' id='line_1_82' title="bbox 2199 522 2788 601; baseline 0.005 -21"><span class='ocrx_word' id='word_1_325' title='bbox 2199 523 2339 601; x_wconf 91' lang='lat' dir='ltr'><strong>quia</strong></span> <span class='ocrx_word' id='word_1_326' title='bbox 2365 540 2480 600; x_wconf 86' lang='lat' dir='ltr'><strong>ego</strong></span> <span class='ocrx_word' id='word_1_327' title='bbox 2510 539 2640 583; x_wconf 90' lang='lat' dir='ltr'><strong>sum</strong></span> <span class='ocrx_word' id='word_1_328' title='bbox 2665 556 2679 571; x_wconf 92' lang='lat'><strong>·</strong></span> <span class='ocrx_word' id='word_1_329' title='bbox 2727 522 2788 583; x_wconf 92' lang='lat' dir='ltr'><strong>Si</strong></span> 
     </span>
     <span class='ocr_line' id='line_1_83' title="bbox 2196 618 2762 695; baseline 0.007 -21"><span class='ocrx_word' id='word_1_330' title='bbox 2196 634 2340 691; x_wconf 89' lang='lat' dir='ltr'><strong>ergo</strong></span> <span class='ocrx_word' id='word_1_331' title='bbox 2369 635 2462 676; x_wconf 89' lang='lat' dir='ltr'><strong>me</strong></span> <span class='ocrx_word' id='word_1_332' title='bbox 2491 618 2762 695; x_wconf 87' lang='lat' dir='ltr'><strong>quaeritis</strong></span> 
     </span>
     <span class='ocr_line' id='line_1_84' title="bbox 2197 709 2688 770; baseline 0.008 -4"><span class='ocrx_word' id='word_1_333' title='bbox 2197 709 2364 767; x_wconf 89' lang='lat' dir='ltr'><strong>sinite</strong></span> <span class='ocrx_word' id='word_1_334' title='bbox 2393 710 2539 770; x_wconf 89' lang='lat' dir='ltr'><strong>istos</strong></span> <span class='ocrx_word' id='word_1_335' title='bbox 2569 712 2648 769; x_wconf 88' lang='lat' dir='ltr'><strong>ire</strong></span> <span class='ocrx_word' id='word_1_336' title='bbox 2672 741 2688 758; x_wconf 89' lang='lat'><strong>·</strong></span> 
     </span>
    </p>

    <p class='ocr_par' dir='ltr' id='par_1_22' title="bbox 2191 801 2754 1721">
     <span class='ocr_line' id='line_1_85' title="bbox 2195 801 2654 881; baseline 0.007 -21"><span class='ocrx_word' id='word_1_337' title='bbox 2195 801 2218 834; x_wconf 82' lang='lat'><strong>⁹</strong></span> <span class='ocrx_word' id='word_1_338' title='bbox 2235 811 2297 860; x_wconf 92' lang='lat' dir='ltr'><strong>ut</strong></span> <span class='ocrx_word' id='word_1_339' title='bbox 2325 803 2654 881; x_wconf 89' lang='lat' dir='ltr'><strong>impleretur</strong></span> 
     </span>
     <span class='ocr_line' id='line_1_86' title="bbox 2195 897 2630 974; baseline 0.007 -21"><span class='ocrx_word' id='word_1_340' title='bbox 2195 897 2440 954; x_wconf 89' lang='lat' dir='ltr'><strong>uerbum</strong></span> <span class='ocrx_word' id='word_1_341' title='bbox 2469 897 2630 974; x_wconf 90' lang='lat' dir='ltr'><strong>quod</strong></span> 
     </span>
     <span class='ocr_line' id='line_1_87' title="bbox 2194 988 2754 1069; baseline 0.011 -23"><span class='ocrx_word' id='word_1_342' title='bbox 2194 988 2338 1048; x_wconf 86' lang='lat' dir='ltr'><strong>dixit</strong></span> <span class='ocrx_word' id='word_1_343' title='bbox 2359 1021 2374 1037; x_wconf 91' lang='lat'><strong>·</strong></span> <span class='ocrx_word' id='word_1_344' title='bbox 2431 995 2574 1068; x_wconf 70' lang='lat' dir='ltr'><strong>qum</strong></span> <span class='ocrx_word' id='word_1_345' title='bbox 2601 1007 2754 1069; x_wconf 85' lang='lat' dir='ltr'><strong>quos</strong></span> 
     </span>
     <span class='ocr_line' id='line_1_88' title="bbox 2195 1082 2726 1143; baseline 0.006 -3"><span class='ocrx_word' id='word_1_346' title='bbox 2195 1082 2403 1141; x_wconf 92' lang='lat' dir='ltr'><strong>dedisti</strong></span> <span class='ocrx_word' id='word_1_347' title='bbox 2432 1084 2573 1142; x_wconf 84' lang='lat' dir='ltr'><strong>mihi</strong></span> <span class='ocrx_word' id='word_1_348' title='bbox 2603 1102 2726 1143; x_wconf 93' lang='lat' dir='ltr'><strong>non</strong></span> 
     </span>
     <span class='ocr_line' id='line_1_89' title="bbox 2194 1176 2750 1251; baseline 0.007 -17"><span class='ocrx_word' id='word_1_349' title='bbox 2194 1176 2420 1251; x_wconf 90' lang='lat' dir='ltr'><strong>perdidi</strong></span> <span class='ocrx_word' id='word_1_350' title='bbox 2447 1196 2522 1236; x_wconf 88' lang='lat' dir='ltr'><strong>ex</strong></span> <span class='ocrx_word' id='word_1_351' title='bbox 2553 1178 2662 1237; x_wconf 89' lang='lat' dir='ltr'><strong>illis</strong></span> <span class='ocrx_word' id='word_1_352' title='bbox 2689 1178 2750 1238; x_wconf 91' lang='lat' dir='ltr'><strong>ul</strong></span> 
     </span>
     <span class='ocr_line' id='line_1_90' title="bbox 2194 1267 2750 1333; baseline 0.009 -7"><span class='ocrx_word' id='word_1_353' title='bbox 2194 1267 2316 1327; x_wconf 89' lang='lat' dir='ltr'><strong>lum</strong></span> <span class='ocrx_word' id='word_1_354' title='bbox 2339 1300 2354 1317; x_wconf 90' lang='lat'><strong>·</strong></span> <span class='ocrx_word' id='word_1_355' title='bbox 2379 1300 2395 1317; x_wconf 89' lang='lat'><strong>·</strong></span> <span class='ocrx_word' id='word_1_356' title='bbox 2420 1301 2435 1317; x_wconf 91' lang='lat'><strong>·</strong></span> <span class='ocrx_word' id='word_1_357' title='bbox 2477 1268 2524 1303; x_wconf 84' lang='lat'><strong>²⁰</strong></span> <span class='ocrx_word' id='word_1_358' title='bbox 2544 1270 2750 1333; x_wconf 89' lang='lat' dir='ltr'><strong>Simon</strong></span> 
     </span>
     <span class='ocr_line' id='line_1_91' title="bbox 2193 1372 2645 1441; baseline 0.009 -20"><span class='ocrx_word' id='word_1_359' title='bbox 2193 1372 2388 1421; x_wconf 87' lang='lat' dir='ltr'><strong>autem</strong></span> <span class='ocrx_word' id='word_1_360' title='bbox 2410 1376 2612 1441; x_wconf 89' lang='lat' dir='ltr'><strong>petrus</strong></span> <span class='ocrx_word' id='word_1_361' title='bbox 2630 1397 2645 1413; x_wconf 90' lang='lat'><strong>·</strong></span> 
     </span>
     <span class='ocr_line' id='line_1_92' title="bbox 2193 1454 2702 1535; baseline 0.01 -23"><span class='ocrx_word' id='word_1_362' title='bbox 2193 1454 2415 1517; x_wconf 85' lang='lat' dir='ltr'><strong>habens</strong></span> <span class='ocrx_word' id='word_1_363' title='bbox 2442 1458 2702 1535; x_wconf 88' lang='lat' dir='ltr'><strong>gladium</strong></span> 
     </span>
     <span class='ocr_line' id='line_1_93' title="bbox 2191 1549 2704 1613; baseline 0.016 -7"><span class='ocrx_word' id='word_1_364' title='bbox 2191 1549 2392 1608; x_wconf 84' lang='lat' dir='ltr'><strong>eduxit</strong></span> <span class='ocrx_word' id='word_1_365' title='bbox 2418 1552 2578 1612; x_wconf 89' lang='lat' dir='ltr'><strong>illum</strong></span> <span class='ocrx_word' id='word_1_366' title='bbox 2645 1563 2704 1613; x_wconf 91' lang='lat' dir='ltr'><strong>et</strong></span> 
     </span>
     <span class='ocr_line' id='line_1_94' title="bbox 2192 1644 2658 1721; baseline 0.009 -19"><span class='ocrx_word' id='word_1_367' title='bbox 2192 1644 2445 1719; x_wconf 90' lang='lat' dir='ltr'><strong>percusit</strong></span> <span class='ocrx_word' id='word_1_368' title='bbox 2472 1646 2658 1721; x_wconf 90' lang='lat' dir='ltr'><strong>princi</strong></span> 
     </span>
    </p>

    <p class='ocr_par' dir='ltr' id='par_1_23' title="bbox 2184 1737 2752 2175">
     <span class='ocr_line' id='line_1_95' title="bbox 2190 1737 2686 1813; baseline 0.01 -19"><span class='ocrx_word' id='word_1_369' title='bbox 2190 1737 2252 1813; x_wconf 91' lang='lat' dir='ltr'><strong>pi</strong></span> <span class='ocrx_word' id='word_1_370' title='bbox 2281 1738 2566 1798; x_wconf 87' lang='lat' dir='ltr'><strong>sacerdoti</strong></span> <span class='ocrx_word' id='word_1_371' title='bbox 2593 1758 2686 1799; x_wconf 89' lang='lat' dir='ltr'><strong>ser</strong></span> 
     </span>
     <span class='ocr_line' id='line_1_96' title="bbox 2188 1834 2706 1893; baseline 0.014 -6"><span class='ocrx_word' id='word_1_372' title='bbox 2188 1848 2332 1889; x_wconf 90' lang='lat' dir='ltr'><strong>uum</strong></span> <span class='ocrx_word' id='word_1_373' title='bbox 2373 1841 2431 1890; x_wconf 93' lang='lat' dir='ltr'><strong>et</strong></span> <span class='ocrx_word' id='word_1_374' title='bbox 2459 1834 2706 1893; x_wconf 88' lang='lat' dir='ltr'><strong>abscidit</strong></span> 
     </span>
     <span class='ocr_line' id='line_1_97' title="bbox 2186 1923 2752 1989; baseline 0.009 -7"><span class='ocrx_word' id='word_1_375' title='bbox 2186 1923 2266 1983; x_wconf 93' lang='lat' dir='ltr'><strong>illi</strong></span> <span class='ocrx_word' id='word_1_376' title='bbox 2293 1926 2610 1987; x_wconf 84' lang='lat' dir='ltr'><strong>auriculam</strong></span> <span class='ocrx_word' id='word_1_377' title='bbox 2639 1928 2752 1989; x_wconf 85' lang='lat' dir='ltr'><strong>dex</strong></span> 
     </span>
     <span class='ocr_line' id='line_1_98' title="bbox 2184 2026 2695 2083; baseline 0.012 -7"><span class='ocrx_word' id='word_1_378' title='bbox 2184 2026 2336 2078; x_wconf 84' lang='lat' dir='ltr'><strong>tram</strong></span> <span class='ocrx_word' id='word_1_379' title='bbox 2358 2050 2375 2066; x_wconf 91' lang='lat'><strong>·</strong></span> <span class='ocrx_word' id='word_1_380' title='bbox 2415 2031 2537 2080; x_wconf 89' lang='lat' dir='ltr'><strong>erat</strong></span> <span class='ocrx_word' id='word_1_381' title='bbox 2563 2026 2695 2083; x_wconf 72' lang='lat' dir='ltr'><strong>aute</strong></span> 
     </span>
     <span class='ocr_line' id='line_1_99' title="bbox 2185 2114 2587 2175; baseline 0.007 -5"><span class='ocrx_word' id='word_1_382' title='bbox 2185 2130 2406 2173; x_wconf 89' lang='lat' dir='ltr'><strong>nomen</strong></span> <span class='ocrx_word' id='word_1_383' title='bbox 2436 2114 2587 2175; x_wconf 89' lang='lat' dir='ltr'><strong>serui</strong></span> 
     </span>
    </p>
   </div>
   <div class='ocr_carea' id='block_1_20' title="bbox 2184 2204 2846 2271">
    <p class='ocr_par' dir='ltr' id='par_1_24' title="bbox 2184 2204 2846 2271">
     <span class='ocr_line' id='line_1_100' title="bbox 2184 2204 2846 2271; baseline 0.009 -6"><span class='ocrx_word' id='word_1_384' title='bbox 2184 2204 2446 2267; x_wconf 82' lang='lat' dir='ltr'><strong>malchus</strong></span> <span class='ocrx_word' id='word_1_385' title='bbox 2469 2241 2484 2256; x_wconf 92' lang='lat'><strong>·</strong></span> <span class='ocrx_word' id='word_1_386' title='bbox 2528 2207 2572 2243; x_wconf 87' lang='lat'><strong>¹¹</strong></span> <span class='ocrx_word' id='word_1_387' title='bbox 2589 2208 2754 2269; x_wconf 87' lang='lat' dir='ltr'><strong>Dixit</strong></span> <span class='ocrx_word' id='word_1_388' title='bbox 2781 2230 2846 2271; x_wconf 97' lang='lat' dir='ltr'><strong>er</strong></span> 
     </span>
    </p>
   </div>
   <div class='ocr_carea' id='block_1_21' title="bbox 2182 2300 2769 2381">
    <p class='ocr_par' dir='ltr' id='par_1_25' title="bbox 2182 2300 2769 2381">
     <span class='ocr_line' id='line_1_101' title="bbox 2182 2300 2769 2381; baseline 0.009 -23"><span class='ocrx_word' id='word_1_389' title='bbox 2182 2318 2264 2377; x_wconf 94' lang='lat' dir='ltr'><strong>go</strong></span> <span class='ocrx_word' id='word_1_390' title='bbox 2294 2300 2384 2361; x_wconf 81' lang='lat' dir='ltr'><strong>ihs</strong></span> <span class='ocrx_word' id='word_1_391' title='bbox 2411 2312 2580 2381; x_wconf 91' lang='lat' dir='ltr'><strong>petro</strong></span> <span class='ocrx_word' id='word_1_392' title='bbox 2603 2334 2618 2350; x_wconf 92' lang='lat'><strong>·</strong></span> <span class='ocrx_word' id='word_1_393' title='bbox 2663 2306 2769 2363; x_wconf 90' lang='lat' dir='ltr'><strong>mit</strong></span> 
     </span>
    </p>
   </div>
   <div class='ocr_carea' id='block_1_22' title="bbox 2180 2432 2804 2509">
    <p class='ocr_par' dir='ltr' id='par_1_26' title="bbox 2180 2432 2804 2509">
     <span class='ocr_line' id='line_1_102' title="bbox 2180 2432 2804 2509; baseline 0.01 -18"><span class='ocrx_word' id='word_1_394' title='bbox 2180 2440 2238 2492; x_wconf 87' lang='lat' dir='ltr'><strong>te</strong></span> <span class='ocrx_word' id='word_1_395' title='bbox 2265 2432 2524 2509; x_wconf 84' lang='lat' dir='ltr'><strong>gladium</strong></span> <span class='ocrx_word' id='word_1_396' title='bbox 2552 2434 2612 2494; x_wconf 92' lang='lat' dir='ltr'><strong>in</strong></span> <span class='ocrx_word' id='word_1_397' title='bbox 2640 2432 2804 2497; x_wconf 82' lang='lat' dir='ltr'><strong>theca</strong></span> 
     </span>
    </p>
   </div>
   <div class='ocr_carea' id='block_1_23' title="bbox 2178 2529 2786 2964">
    <p class='ocr_par' dir='ltr' id='par_1_27' title="bbox 2178 2529 2786 2964">
     <span class='ocr_line' id='line_1_103' title="bbox 2182 2529 2754 2609; baseline 0.014 -25"><span class='ocrx_word' id='word_1_398' title='bbox 2182 2544 2288 2586; x_wconf 88' lang='lat' dir='ltr'><strong>sua</strong></span> <span class='ocrx_word' id='word_1_399' title='bbox 2309 2559 2326 2574; x_wconf 91' lang='lat'><strong>·</strong></span> <span class='ocrx_word' id='word_1_400' title='bbox 2369 2529 2608 2588; x_wconf 89' lang='lat' dir='ltr'><strong>calicem</strong></span> <span class='ocrx_word' id='word_1_401' title='bbox 2637 2537 2754 2609; x_wconf 70' lang='lat' dir='ltr'><strong>que</strong></span> 
     </span>
     <span class='ocr_line' id='line_1_104' title="bbox 2180 2620 2695 2700; baseline 0.01 -21"><span class='ocrx_word' id='word_1_402' title='bbox 2180 2620 2339 2682; x_wconf 89' lang='lat' dir='ltr'><strong>dedit</strong></span> <span class='ocrx_word' id='word_1_403' title='bbox 2365 2622 2506 2681; x_wconf 88' lang='lat' dir='ltr'><strong>mihi</strong></span> <span class='ocrx_word' id='word_1_404' title='bbox 2531 2636 2695 2700; x_wconf 90' lang='lat' dir='ltr'><strong>pater</strong></span> 
     </span>
     <span class='ocr_line' id='line_1_105' title="bbox 2179 2715 2723 2778; baseline 0.007 -4"><span class='ocrx_word' id='word_1_405' title='bbox 2179 2733 2306 2774; x_wconf 88' lang='lat' dir='ltr'><strong>non</strong></span> <span class='ocrx_word' id='word_1_406' title='bbox 2336 2715 2532 2776; x_wconf 88' lang='lat' dir='ltr'><strong>bibam</strong></span> <span class='ocrx_word' id='word_1_407' title='bbox 2559 2717 2723 2778; x_wconf 90' lang='lat' dir='ltr'><strong>illum</strong></span> 
     </span>
     <span class='ocr_line' id='line_1_106' title="bbox 2180 2805 2786 2890; baseline 0.008 -22"><span class='ocrx_word' id='word_1_408' title='bbox 2180 2805 2227 2840; x_wconf 79' lang='lat'><strong>²²</strong></span> <span class='ocrx_word' id='word_1_409' title='bbox 2245 2808 2478 2869; x_wconf 87' lang='lat' dir='ltr'><strong>Cohors</strong></span> <span class='ocrx_word' id='word_1_410' title='bbox 2505 2811 2699 2890; x_wconf 89' lang='lat' dir='ltr'><strong>itaque</strong></span> <span class='ocrx_word' id='word_1_411' title='bbox 2726 2822 2786 2873; x_wconf 91' lang='lat' dir='ltr'><strong>et</strong></span> 
     </span>
     <span class='ocr_line' id='line_1_107' title="bbox 2178 2904 2640 2964; baseline 0.006 -2"><span class='ocrx_word' id='word_1_412' title='bbox 2178 2904 2446 2964; x_wconf 85' lang='lat' dir='ltr'><strong>tribunus</strong></span> <span class='ocrx_word' id='word_1_413' title='bbox 2471 2913 2530 2964; x_wconf 88' lang='lat' dir='ltr'><strong>et</strong></span> <span class='ocrx_word' id='word_1_414' title='bbox 2557 2907 2640 2964; x_wconf 89' lang='lat' dir='ltr'><strong>mi</strong></span> 
     </span>
    </p>
   </div>
   <div class='ocr_carea' id='block_1_24' title="bbox 2124 3000 2718 3059">
    <p class='ocr_par' dir='ltr' id='par_1_28' title="bbox 2124 3000 2718 3059">
     <span class='ocr_line' id='line_1_108' title="bbox 2124 3000 2718 3059; baseline 0.008 -4"><span class='ocrx_word' id='word_1_415' title='bbox 2124 3035 2135 3042; x_wconf 93' lang='lat'>-</span> <span class='ocrx_word' id='word_1_416' title='bbox 2180 3000 2342 3058; x_wconf 85' lang='lat' dir='ltr'><strong>nistri</strong></span> <span class='ocrx_word' id='word_1_417' title='bbox 2369 3000 2718 3059; x_wconf 75' lang='lat' dir='ltr'><strong>iudaeum--</strong></span> 
     </span>
    </p>
   </div>
   <div class='ocr_carea' id='block_1_25' title="bbox 2172 3092 2784 3903">
    <p class='ocr_par' dir='ltr' id='par_1_29' title="bbox 2172 3092 2784 3903">
     <span class='ocr_line' id='line_1_109' title="bbox 2178 3092 2722 3170; baseline 0.002 -16"><span class='ocrx_word' id='word_1_418' title='bbox 2178 3092 2722 3170; x_wconf 82' lang='lat' dir='ltr'><strong>adpraehenderunt</strong></span> 
     </span>
     <span class='ocr_line' id='line_1_110' title="bbox 2180 3187 2692 3265; baseline 0.002 -19"><span class='ocrx_word' id='word_1_419' title='bbox 2180 3187 2304 3247; x_wconf 83' lang='lat' dir='ltr'><strong>ihm</strong></span> <span class='ocrx_word' id='word_1_420' title='bbox 2358 3197 2418 3246; x_wconf 90' lang='lat' dir='ltr'><strong>et</strong></span> <span class='ocrx_word' id='word_1_421' title='bbox 2445 3188 2692 3265; x_wconf 86' lang='lat' dir='ltr'><strong>alligaue</strong></span> 
     </span>
     <span class='ocr_line' id='line_1_111' title="bbox 2178 3281 2784 3342; baseline 0.005 -2"><span class='ocrx_word' id='word_1_422' title='bbox 2178 3291 2314 3340; x_wconf 91' lang='lat' dir='ltr'><strong>runt</strong></span> <span class='ocrx_word' id='word_1_423' title='bbox 2341 3281 2502 3340; x_wconf 90' lang='lat' dir='ltr'><strong>illum</strong></span> <span class='ocrx_word' id='word_1_424' title='bbox 2565 3281 2608 3315; x_wconf 84' lang='lat'><strong>¹⁸</strong></span> <span class='ocrx_word' id='word_1_425' title='bbox 2622 3293 2680 3342; x_wconf 91' lang='lat' dir='ltr'><strong>et</strong></span> <span class='ocrx_word' id='word_1_426' title='bbox 2707 3283 2784 3342; x_wconf 86' lang='lat' dir='ltr'><strong>ad</strong></span> 
     </span>
     <span class='ocr_line' id='line_1_112' title="bbox 2180 3376 2737 3438; baseline 0.005 -3"><span class='ocrx_word' id='word_1_427' title='bbox 2180 3376 2468 3436; x_wconf 88' lang='lat' dir='ltr'><strong>duxerunt</strong></span> <span class='ocrx_word' id='word_1_428' title='bbox 2495 3394 2632 3436; x_wconf 90' lang='lat' dir='ltr'><strong>eum</strong></span> <span class='ocrx_word' id='word_1_429' title='bbox 2661 3377 2737 3438; x_wconf 88' lang='lat' dir='ltr'><strong>ad</strong></span> 
     </span>
     <span class='ocr_line' id='line_1_113' title="bbox 2177 3471 2718 3547; baseline 0 -17"><span class='ocrx_word' id='word_1_430' title='bbox 2177 3489 2397 3530; x_wconf 86' lang='lat' dir='ltr'><strong>annam</strong></span> <span class='ocrx_word' id='word_1_431' title='bbox 2424 3471 2680 3547; x_wconf 90' lang='lat' dir='ltr'><strong>primum</strong></span> <span class='ocrx_word' id='word_1_432' title='bbox 2703 3501 2718 3518; x_wconf 91' lang='lat'><strong>·</strong></span> 
     </span>
     <span class='ocr_line' id='line_1_114' title="bbox 2174 3565 2679 3624; baseline 0 0"><span class='ocrx_word' id='word_1_433' title='bbox 2174 3573 2298 3624; x_wconf 90' lang='lat' dir='ltr'><strong>erat</strong></span> <span class='ocrx_word' id='word_1_434' title='bbox 2324 3565 2482 3624; x_wconf 90' lang='lat' dir='ltr'><strong>enim</strong></span> <span class='ocrx_word' id='word_1_435' title='bbox 2512 3582 2679 3624; x_wconf 89' lang='lat' dir='ltr'><strong>socer</strong></span> 
     </span>
     <span class='ocr_line' id='line_1_115' title="bbox 2174 3657 2672 3735; baseline 0.002 -19"><span class='ocrx_word' id='word_1_436' title='bbox 2174 3657 2358 3717; x_wconf 86' lang='lat' dir='ltr'><strong>caifae</strong></span> <span class='ocrx_word' id='word_1_437' title='bbox 2421 3658 2522 3735; x_wconf 92' lang='lat' dir='ltr'><strong>qui</strong></span> <span class='ocrx_word' id='word_1_438' title='bbox 2549 3667 2672 3717; x_wconf 88' lang='lat' dir='ltr'><strong>erat</strong></span> 
     </span>
     <span class='ocr_line' id='line_1_116' title="bbox 2172 3749 2713 3832; baseline 0.006 -23"><span class='ocrx_word' id='word_1_439' title='bbox 2172 3752 2444 3832; x_wconf 87' lang='lat' dir='ltr'><strong>pn&#39;nceps</strong></span> <span class='ocrx_word' id='word_1_440' title='bbox 2473 3749 2713 3812; x_wconf 90' lang='lat' dir='ltr'><strong>sacerdo</strong></span> 
     </span>
     <span class='ocr_line' id='line_1_117' title="bbox 2172 3844 2634 3903; baseline 0 -1"><span class='ocrx_word' id='word_1_441' title='bbox 2172 3854 2296 3903; x_wconf 89' lang='lat' dir='ltr'><strong>tum</strong></span> <span class='ocrx_word' id='word_1_442' title='bbox 2325 3844 2595 3903; x_wconf 87' lang='lat' dir='ltr'><strong>annillius</strong></span> <span class='ocrx_word' id='word_1_443' title='bbox 2619 3875 2634 3890; x_wconf 92' lang='lat'><strong>·</strong></span> 
     </span>
    </p>
   </div>
   <div class='ocr_carea' id='block_1_26' title="bbox 2169 3937 2831 4001">
    <p class='ocr_par' dir='ltr' id='par_1_30' title="bbox 2169 3937 2831 4001">
     <span class='ocr_line' id='line_1_118' title="bbox 2169 3937 2831 4001; baseline 0.005 -5"><span class='ocrx_word' id='word_1_444' title='bbox 2169 3937 2216 3972; x_wconf 85' lang='lat'><strong>²⁴</strong></span> <span class='ocrx_word' id='word_1_445' title='bbox 2231 3938 2402 3997; x_wconf 87' lang='lat' dir='ltr'><strong>Errat</strong></span> <span class='ocrx_word' id='word_1_446' title='bbox 2429 3947 2622 4001; x_wconf 88' lang='lat' dir='ltr'><strong>autem</strong></span> <span class='ocrx_word' id='word_1_447' title='bbox 2648 3937 2831 3999; x_wconf 83' lang='lat' dir='ltr'><strong>caifas</strong></span> 
     </span>
    </p>
   </div>
   <div class='ocr_carea' id='block_1_27' title="bbox 2170 4031 2771 4204">
    <p class='ocr_par' dir='ltr' id='par_1_31' title="bbox 2170 4031 2771 4204">
     <span class='ocr_line' id='line_1_119' title="bbox 2170 4031 2708 4112; baseline 0 -22"><span class='ocrx_word' id='word_1_448' title='bbox 2170 4033 2272 4112; x_wconf 92' lang='lat' dir='ltr'><strong>qui</strong></span> <span class='ocrx_word' id='word_1_449' title='bbox 2300 4032 2606 4092; x_wconf 88' lang='lat' dir='ltr'><strong>consilium</strong></span> <span class='ocrx_word' id='word_1_450' title='bbox 2635 4031 2708 4090; x_wconf 88' lang='lat' dir='ltr'><strong>de</strong></span> 
     </span>
     <span class='ocr_line' id='line_1_120' title="bbox 2171 4126 2771 4204; baseline 0 -18"><span class='ocrx_word' id='word_1_451' title='bbox 2171 4128 2257 4186; x_wconf 87' lang='lat' dir='ltr'><strong>dit</strong></span> <span class='ocrx_word' id='word_1_452' title='bbox 2284 4127 2504 4186; x_wconf 89' lang='lat' dir='ltr'><strong>iudaeis</strong></span> <span class='ocrx_word' id='word_1_453' title='bbox 2533 4126 2671 4204; x_wconf 87' lang='lat' dir='ltr'><strong>quia</strong></span> <span class='ocrx_word' id='word_1_454' title='bbox 2695 4144 2771 4186; x_wconf 84' lang='lat' dir='ltr'><strong>ex</strong></span> 
     </span>
    </p>
   </div>
   <div class='ocr_carea' id='block_1_28' title="bbox 3563 346 3646 429">
    <p class='ocr_par' dir='ltr' id='par_1_32' title="bbox 3563 346 3646 429">
     <span class='ocr_line' id='line_1_121' title="bbox 3563 346 3646 429; baseline 0 0"><span class='ocrx_word' id='word_1_455' title='bbox 3563 346 3646 429; x_wconf 86' lang='grc'><strong>67</strong></span> 
     </span>
    </p>
   </div>
   <div class='ocr_carea' id='block_1_29' title="bbox 2921 522 3627 4206">
    <p class='ocr_par' dir='ltr' id='par_1_33' title="bbox 2949 522 3470 603">
     <span class='ocr_line' id='line_1_122' title="bbox 2949 522 3470 603; baseline 0.004 -20"><span class='ocrx_word' id='word_1_456' title='bbox 2949 524 3101 585; x_wconf 90' lang='lat' dir='ltr'><strong>mori</strong></span> <span class='ocrx_word' id='word_1_457' title='bbox 3128 542 3236 603; x_wconf 91' lang='lat' dir='ltr'><strong>pro</strong></span> <span class='ocrx_word' id='word_1_458' title='bbox 3263 522 3430 603; x_wconf 88' lang='lat' dir='ltr'><strong>plebe</strong></span> <span class='ocrx_word' id='word_1_459' title='bbox 3454 555 3470 572; x_wconf 91' lang='lat'><strong>·</strong></span> 
     </span>
    </p>

    <p class='ocr_par' dir='ltr' id='par_1_34' title="bbox 2945 616 3533 1239">
     <span class='ocr_line' id='line_1_123' title="bbox 2947 616 3530 696; baseline 0.002 -19"><span class='ocrx_word' id='word_1_460' title='bbox 2947 616 2990 651; x_wconf 79' lang='lat'><strong>¹⁸</strong></span> <span class='ocrx_word' id='word_1_461' title='bbox 3009 618 3368 696; x_wconf 81' lang='lat' dir='ltr'><strong>Sequebatur</strong></span> <span class='ocrx_word' id='word_1_462' title='bbox 3394 622 3530 678; x_wconf 79' lang='lat' dir='ltr'><strong>aut‘e</strong></span> 
     </span>
     <span class='ocr_line' id='line_1_124' title="bbox 2946 710 3436 790; baseline 0.006 -20"><span class='ocrx_word' id='word_1_463' title='bbox 2946 710 3070 770; x_wconf 83' lang='lat' dir='ltr'><strong>ihm</strong></span> <span class='ocrx_word' id='word_1_464' title='bbox 3139 712 3334 773; x_wconf 89' lang='lat' dir='ltr'><strong>simon</strong></span> <span class='ocrx_word' id='word_1_465' title='bbox 3361 732 3436 790; x_wconf 94' lang='lat' dir='ltr'><strong>pe</strong></span> 
     </span>
     <span class='ocr_line' id='line_1_125' title="bbox 2947 806 3424 866; baseline 0.006 -3"><span class='ocrx_word' id='word_1_466' title='bbox 2947 814 3068 864; x_wconf 91' lang='lat' dir='ltr'><strong>trus</strong></span> <span class='ocrx_word' id='word_1_467' title='bbox 3095 824 3129 864; x_wconf 91' lang='lat' dir='ltr'><strong>e</strong></span> <span class='ocrx_word' id='word_1_468' title='bbox 3157 806 3304 865; x_wconf 88' lang='lat' dir='ltr'><strong>alius</strong></span> <span class='ocrx_word' id='word_1_469' title='bbox 3331 806 3424 866; x_wconf 91' lang='lat' dir='ltr'><strong>dis</strong></span> 
     </span>
     <span class='ocr_line' id='line_1_126' title="bbox 2947 898 3533 983; baseline 0 -26"><span class='ocrx_word' id='word_1_470' title='bbox 2947 898 3176 975; x_wconf 88' lang='lat' dir='ltr'><strong>cipulus</strong></span> <span class='ocrx_word' id='word_1_471' title='bbox 3198 930 3213 946; x_wconf 91' lang='lat'><strong>·</strong></span> <span class='ocrx_word' id='word_1_472' title='bbox 3256 899 3485 977; x_wconf 90' lang='lat' dir='ltr'><strong>discipu</strong></span> <span class='ocrx_word' id='word_1_473' title='bbox 3514 974 3533 983; x_wconf 48' lang='lat'><strong>·</strong></span> 
     </span>
     <span class='ocr_line' id='line_1_127' title="bbox 2945 990 3487 1054; baseline 0.006 -4"><span class='ocrx_word' id='word_1_474' title='bbox 2945 990 3038 1051; x_wconf 85' lang='lat' dir='ltr'><strong>lus</strong></span> <span class='ocrx_word' id='word_1_475' title='bbox 3065 1002 3258 1051; x_wconf 88' lang='lat' dir='ltr'><strong>autem</strong></span> <span class='ocrx_word' id='word_1_476' title='bbox 3285 992 3378 1052; x_wconf 91' lang='lat' dir='ltr'><strong>ille</strong></span> <span class='ocrx_word' id='word_1_477' title='bbox 3405 1010 3487 1054; x_wconf 89' lang='lat' dir='ltr'><strong>no</strong></span> 
     </span>
     <span class='ocr_line' id='line_1_128' title="bbox 2945 1088 3466 1165; baseline 0.004 -22"><span class='ocrx_word' id='word_1_478' title='bbox 2945 1095 3038 1143; x_wconf 87' lang='lat' dir='ltr'><strong>tus</strong></span> <span class='ocrx_word' id='word_1_479' title='bbox 3065 1096 3189 1145; x_wconf 89' lang='lat' dir='ltr'><strong>erat</strong></span> <span class='ocrx_word' id='word_1_480' title='bbox 3215 1088 3466 1165; x_wconf 89' lang='lat' dir='ltr'><strong>principi</strong></span> 
     </span>
     <span class='ocr_line' id='line_1_129' title="bbox 2945 1177 3356 1239; baseline 0.007 -2"><span class='ocrx_word' id='word_1_481' title='bbox 2945 1177 3316 1239; x_wconf 87' lang='lat' dir='ltr'><strong>sacerdotum</strong></span> <span class='ocrx_word' id='word_1_482' title='bbox 3341 1210 3356 1229; x_wconf 90' lang='lat'><strong>·</strong></span> 
     </span>
    </p>

    <p class='ocr_par' dir='ltr' id='par_1_35' title="bbox 2939 1269 3551 2005">
     <span class='ocr_line' id='line_1_130' title="bbox 2943 1269 3551 1335; baseline 0.01 -5"><span class='ocrx_word' id='word_1_483' title='bbox 2943 1269 2990 1305; x_wconf 81' lang='lat'><strong>²⁶</strong></span> <span class='ocrx_word' id='word_1_484' title='bbox 3006 1271 3208 1333; x_wconf 89' lang='lat' dir='ltr'><strong>Petrus</strong></span> <span class='ocrx_word' id='word_1_485' title='bbox 3235 1282 3430 1334; x_wconf 87' lang='lat' dir='ltr'><strong>autem</strong></span> <span class='ocrx_word' id='word_1_486' title='bbox 3458 1284 3551 1335; x_wconf 85' lang='lat' dir='ltr'><strong>sta</strong></span> 
     </span>
     <span class='ocr_line' id='line_1_131' title="bbox 2944 1365 3508 1427; baseline 0.005 -3"><span class='ocrx_word' id='word_1_487' title='bbox 2944 1365 3047 1425; x_wconf 87' lang='lat' dir='ltr'><strong>bat</strong></span> <span class='ocrx_word' id='word_1_488' title='bbox 3073 1366 3149 1425; x_wconf 82' lang='lat' dir='ltr'><strong>ad</strong></span> <span class='ocrx_word' id='word_1_489' title='bbox 3179 1367 3416 1427; x_wconf 88' lang='lat' dir='ltr'><strong>ianuam</strong></span> <span class='ocrx_word' id='word_1_490' title='bbox 3445 1367 3508 1427; x_wconf 85' lang='lat' dir='ltr'><strong>fo</strong></span> 
     </span>
     <span class='ocr_line' id='line_1_132' title="bbox 2942 1458 3467 1537; baseline 0.008 -20"><span class='ocrx_word' id='word_1_491' title='bbox 2942 1458 3022 1519; x_wconf 90' lang='lat' dir='ltr'><strong>ris</strong></span> <span class='ocrx_word' id='word_1_492' title='bbox 3041 1490 3057 1506; x_wconf 90' lang='lat'><strong>·</strong></span> <span class='ocrx_word' id='word_1_493' title='bbox 3115 1460 3294 1519; x_wconf 89' lang='lat' dir='ltr'><strong>exiuit</strong></span> <span class='ocrx_word' id='word_1_494' title='bbox 3320 1479 3467 1537; x_wconf 90' lang='lat' dir='ltr'><strong>ergo</strong></span> 
     </span>
     <span class='ocr_line' id='line_1_133' title="bbox 2942 1552 3494 1631; baseline 0.009 -21"><span class='ocrx_word' id='word_1_495' title='bbox 2942 1552 3034 1612; x_wconf 92' lang='lat' dir='ltr'><strong>ille</strong></span> <span class='ocrx_word' id='word_1_496' title='bbox 3065 1552 3382 1631; x_wconf 88' lang='lat' dir='ltr'><strong>discipulus</strong></span> <span class='ocrx_word' id='word_1_497' title='bbox 3411 1573 3494 1615; x_wconf 88' lang='lat' dir='ltr'><strong>no</strong></span> 
     </span>
     <span class='ocr_line' id='line_1_134' title="bbox 2945 1648 3504 1724; baseline 0.009 -20"><span class='ocrx_word' id='word_1_498' title='bbox 2945 1655 3038 1706; x_wconf 88' lang='lat' dir='ltr'><strong>tus</strong></span> <span class='ocrx_word' id='word_1_499' title='bbox 3063 1648 3310 1724; x_wconf 89' lang='lat' dir='ltr'><strong>principi</strong></span> <span class='ocrx_word' id='word_1_500' title='bbox 3337 1666 3504 1709; x_wconf 84' lang='lat' dir='ltr'><strong>sacer</strong></span> 
     </span>
     <span class='ocr_line' id='line_1_135' title="bbox 2945 1738 3547 1807; baseline 0.013 -8"><span class='ocrx_word' id='word_1_501' title='bbox 2945 1738 3150 1799; x_wconf 90' lang='lat' dir='ltr'><strong>dotum</strong></span> <span class='ocrx_word' id='word_1_502' title='bbox 3217 1750 3276 1801; x_wconf 90' lang='lat' dir='ltr'><strong>et</strong></span> <span class='ocrx_word' id='word_1_503' title='bbox 3304 1742 3448 1801; x_wconf 82' lang='lat' dir='ltr'><strong>dixit</strong></span> <span class='ocrx_word' id='word_1_504' title='bbox 3474 1760 3547 1807; x_wconf 78' lang='lat' dir='ltr'><strong>os</strong></span> 
     </span>
     <span class='ocr_line' id='line_1_136' title="bbox 2940 1833 3402 1896; baseline 0.011 -5"><span class='ocrx_word' id='word_1_505' title='bbox 2940 1833 3136 1893; x_wconf 88' lang='lat' dir='ltr'><strong>tiariae</strong></span> <span class='ocrx_word' id='word_1_506' title='bbox 3163 1845 3221 1893; x_wconf 90' lang='lat' dir='ltr'><strong>et</strong></span> <span class='ocrx_word' id='word_1_507' title='bbox 3249 1836 3402 1896; x_wconf 89' lang='lat' dir='ltr'><strong>intro</strong></span> 
     </span>
     <span class='ocr_line' id='line_1_137' title="bbox 2939 1926 3397 2005; baseline 0.002 -19"><span class='ocrx_word' id='word_1_508' title='bbox 2939 1926 3106 1986; x_wconf 87' lang='lat' dir='ltr'><strong>duxit</strong></span> <span class='ocrx_word' id='word_1_509' title='bbox 3131 1938 3358 2005; x_wconf 88' lang='lat' dir='ltr'><strong>petrum</strong></span> <span class='ocrx_word' id='word_1_510' title='bbox 3381 1960 3397 1978; x_wconf 91' lang='lat'><strong>·</strong></span> 
     </span>
    </p>

    <p class='ocr_par' dir='ltr' id='par_1_36' title="bbox 2932 2020 3571 3340">
     <span class='ocr_line' id='line_1_138' title="bbox 2938 2020 3571 2099; baseline 0.009 -21"><span class='ocrx_word' id='word_1_511' title='bbox 2938 2020 2984 2053; x_wconf 81' lang='lat'><strong>¹⁷</strong></span> <span class='ocrx_word' id='word_1_512' title='bbox 3001 2020 3162 2080; x_wconf 87' lang='lat' dir='ltr'><strong>Dixit</strong></span> <span class='ocrx_word' id='word_1_513' title='bbox 3189 2040 3333 2099; x_wconf 84' lang='lat' dir='ltr'><strong>ergo</strong></span> <span class='ocrx_word' id='word_1_514' title='bbox 3360 2023 3571 2085; x_wconf 84' lang='lat' dir='ltr'><strong>ancilla</strong></span> 
     </span>
     <span class='ocr_line' id='line_1_139' title="bbox 2935 2116 3396 2193; baseline 0.007 -20"><span class='ocrx_word' id='word_1_515' title='bbox 2935 2116 3167 2175; x_wconf 89' lang='lat' dir='ltr'><strong>ostiaria</strong></span> <span class='ocrx_word' id='word_1_516' title='bbox 3195 2126 3360 2193; x_wconf 89' lang='lat' dir='ltr'><strong>petro</strong></span> <span class='ocrx_word' id='word_1_517' title='bbox 3381 2146 3396 2163; x_wconf 91' lang='lat'><strong>·</strong></span> 
     </span>
     <span class='ocr_line' id='line_1_140' title="bbox 2938 2208 3504 2287; baseline 0.009 -21"><span class='ocrx_word' id='word_1_518' title='bbox 2938 2209 3226 2287; x_wconf 90' lang='lat' dir='ltr'><strong>numquid</strong></span> <span class='ocrx_word' id='word_1_519' title='bbox 3252 2219 3312 2269; x_wconf 90' lang='lat' dir='ltr'><strong>et</strong></span> <span class='ocrx_word' id='word_1_520' title='bbox 3337 2218 3400 2269; x_wconf 90' lang='lat' dir='ltr'><strong>tu</strong></span> <span class='ocrx_word' id='word_1_521' title='bbox 3429 2208 3504 2271; x_wconf 86' lang='lat' dir='ltr'><strong>de</strong></span> 
     </span>
     <span class='ocr_line' id='line_1_141' title="bbox 2936 2302 3435 2380; baseline 0.006 -19"><span class='ocrx_word' id='word_1_522' title='bbox 2936 2302 3234 2380; x_wconf 85' lang='lat' dir='ltr'><strong>discipulis</strong></span> <span class='ocrx_word' id='word_1_523' title='bbox 3260 2321 3324 2363; x_wconf 88' lang='lat' dir='ltr'><strong>es</strong></span> <span class='ocrx_word' id='word_1_524' title='bbox 3353 2304 3435 2363; x_wconf 91' lang='lat' dir='ltr'><strong>ho</strong></span> 
     </span>
     <span class='ocr_line' id='line_1_142' title="bbox 2935 2432 3530 2495; baseline 0.005 -4"><span class='ocrx_word' id='word_1_525' title='bbox 2935 2432 3110 2491; x_wconf 87' lang='lat' dir='ltr'><strong>minis</strong></span> <span class='ocrx_word' id='word_1_526' title='bbox 3138 2433 3308 2493; x_wconf 90' lang='lat' dir='ltr'><strong>huius</strong></span> <span class='ocrx_word' id='word_1_527' title='bbox 3327 2464 3342 2481; x_wconf 90' lang='lat'><strong>·</strong></span> <span class='ocrx_word' id='word_1_528' title='bbox 3385 2434 3464 2494; x_wconf 84' lang='lat' dir='ltr'><strong>ait</strong></span> <span class='ocrx_word' id='word_1_529' title='bbox 3489 2434 3530 2495; x_wconf 92' lang='lat' dir='ltr'><strong>il</strong></span> 
     </span>
     <span class='ocr_line' id='line_1_143' title="bbox 2933 2527 3540 2588; baseline 0.003 -2"><span class='ocrx_word' id='word_1_530' title='bbox 2933 2527 2987 2587; x_wconf 90' lang='lat' dir='ltr'><strong>le</strong></span> <span class='ocrx_word' id='word_1_531' title='bbox 3015 2545 3138 2587; x_wconf 90' lang='lat' dir='ltr'><strong>non</strong></span> <span class='ocrx_word' id='word_1_532' title='bbox 3167 2546 3298 2588; x_wconf 89' lang='lat' dir='ltr'><strong>sum</strong></span> <span class='ocrx_word' id='word_1_533' title='bbox 3327 2559 3344 2576; x_wconf 89' lang='lat'><strong>·</strong></span> <span class='ocrx_word' id='word_1_534' title='bbox 3387 2528 3540 2588; x_wconf 83' lang='lat' dir='ltr'><strong>¹⁸sta</strong></span> 
     </span>
     <span class='ocr_line' id='line_1_144' title="bbox 2933 2622 3509 2698; baseline 0.002 -18"><span class='ocrx_word' id='word_1_535' title='bbox 2933 2622 3076 2680; x_wconf 87' lang='lat' dir='ltr'><strong>bant</strong></span> <span class='ocrx_word' id='word_1_536' title='bbox 3101 2640 3243 2696; x_wconf 89' lang='lat' dir='ltr'><strong>ergo</strong></span> <span class='ocrx_word' id='word_1_537' title='bbox 3271 2622 3422 2698; x_wconf 73' lang='lat' dir='ltr'><strong>serui</strong></span> <span class='ocrx_word' id='word_1_538' title='bbox 3449 2631 3509 2683; x_wconf 91' lang='lat' dir='ltr'><strong>et</strong></span> 
     </span>
     <span class='ocr_line' id='line_1_145' title="bbox 2934 2715 3410 2775; baseline 0.002 -2"><span class='ocrx_word' id='word_1_539' title='bbox 2934 2715 3180 2774; x_wconf 90' lang='lat' dir='ltr'><strong>ministri</strong></span> <span class='ocrx_word' id='word_1_540' title='bbox 3209 2715 3410 2775; x_wconf 87' lang='lat' dir='ltr'><strong>focum</strong></span> 
     </span>
     <span class='ocr_line' id='line_1_146' title="bbox 2935 2807 3480 2887; baseline 0.004 -21"><span class='ocrx_word' id='word_1_541' title='bbox 2935 2807 3216 2868; x_wconf 88' lang='lat' dir='ltr'><strong>habentes</strong></span> <span class='ocrx_word' id='word_1_542' title='bbox 3243 2810 3381 2887; x_wconf 87' lang='lat' dir='ltr'><strong>quia</strong></span> <span class='ocrx_word' id='word_1_543' title='bbox 3407 2807 3480 2868; x_wconf 83' lang='lat' dir='ltr'><strong>fri</strong></span> 
     </span>
     <span class='ocr_line' id='line_1_147' title="bbox 2933 2902 3494 2978; baseline 0.004 -16"><span class='ocrx_word' id='word_1_544' title='bbox 2933 2920 3046 2978; x_wconf 90' lang='lat' dir='ltr'><strong>gus</strong></span> <span class='ocrx_word' id='word_1_545' title='bbox 3072 2910 3196 2961; x_wconf 87' lang='lat' dir='ltr'><strong>erat</strong></span> <span class='ocrx_word' id='word_1_546' title='bbox 3222 2911 3280 2962; x_wconf 91' lang='lat' dir='ltr'><strong>et</strong></span> <span class='ocrx_word' id='word_1_547' title='bbox 3306 2902 3494 2965; x_wconf 80' lang='lat' dir='ltr'><strong>calefa</strong></span> 
     </span>
     <span class='ocr_line' id='line_1_148' title="bbox 2935 2996 3450 3057; baseline -0.002 0"><span class='ocrx_word' id='word_1_548' title='bbox 2935 2997 3230 3057; x_wconf 85' lang='lat' dir='ltr'><strong>ciebantur</strong></span> <span class='ocrx_word' id='word_1_549' title='bbox 3251 3028 3266 3043; x_wconf 93' lang='lat'><strong>·</strong></span> <span class='ocrx_word' id='word_1_550' title='bbox 3307 2996 3450 3056; x_wconf 89' lang='lat' dir='ltr'><strong>Erat</strong></span> 
     </span>
     <span class='ocr_line' id='line_1_149' title="bbox 2933 3091 3517 3154; baseline 0.005 -4"><span class='ocrx_word' id='word_1_551' title='bbox 2933 3101 3130 3150; x_wconf 84' lang='lat' dir='ltr'><strong>autem</strong></span> <span class='ocrx_word' id='word_1_552' title='bbox 3157 3109 3294 3150; x_wconf 90' lang='lat' dir='ltr'><strong>cum</strong></span> <span class='ocrx_word' id='word_1_553' title='bbox 3321 3091 3432 3151; x_wconf 83' lang='lat' dir='ltr'><strong>illis</strong></span> <span class='ocrx_word' id='word_1_554' title='bbox 3457 3102 3517 3154; x_wconf 86' lang='lat' dir='ltr'><strong>et</strong></span> 
     </span>
     <span class='ocr_line' id='line_1_150' title="bbox 2932 3195 3404 3262; baseline 0.006 -20"><span class='ocrx_word' id='word_1_555' title='bbox 2932 3195 3130 3262; x_wconf 88' lang='lat' dir='ltr'><strong>petrus</strong></span> <span class='ocrx_word' id='word_1_556' title='bbox 3158 3196 3318 3245; x_wconf 89' lang='lat' dir='ltr'><strong>stans</strong></span> <span class='ocrx_word' id='word_1_557' title='bbox 3343 3197 3404 3245; x_wconf 90' lang='lat' dir='ltr'><strong>et</strong></span> 
     </span>
     <span class='ocr_line' id='line_1_151' title="bbox 2933 3278 3408 3340; baseline 0.002 -1"><span class='ocrx_word' id='word_1_558' title='bbox 2933 3278 3276 3340; x_wconf 87' lang='lat' dir='ltr'><strong>calefaciens</strong></span> <span class='ocrx_word' id='word_1_559' title='bbox 3303 3297 3368 3340; x_wconf 91' lang='lat' dir='ltr'><strong>se</strong></span> <span class='ocrx_word' id='word_1_560' title='bbox 3391 3310 3408 3327; x_wconf 91' lang='lat'><strong>·</strong></span> 
     </span>
    </p>

    <p class='ocr_par' dir='ltr' id='par_1_37' title="bbox 2926 3372 3535 3810">
     <span class='ocr_line' id='line_1_152' title="bbox 2931 3372 3535 3451; baseline 0.008 -21"><span class='ocrx_word' id='word_1_561' title='bbox 2931 3372 2976 3407; x_wconf 77' lang='lat'><strong>¹⁹</strong></span> <span class='ocrx_word' id='word_1_562' title='bbox 2993 3372 3272 3450; x_wconf 88' lang='lat' dir='ltr'><strong>Princeps</strong></span> <span class='ocrx_word' id='word_1_563' title='bbox 3296 3391 3441 3451; x_wconf 90' lang='lat' dir='ltr'><strong>ergo</strong></span> <span class='ocrx_word' id='word_1_564' title='bbox 3467 3391 3535 3435; x_wconf 83' lang='lat' dir='ltr'><strong>sa</strong></span> 
     </span>
     <span class='ocr_line' id='line_1_153' title="bbox 2930 3467 3409 3530; baseline -0.01 0"><span class='ocrx_word' id='word_1_565' title='bbox 2930 3467 3234 3530; x_wconf 85' lang='lat' dir='ltr'><strong>cerdotum</strong></span> <span class='ocrx_word' id='word_1_566' title='bbox 3263 3469 3409 3526; x_wconf 90' lang='lat' dir='ltr'><strong>inter</strong></span> 
     </span>
     <span class='ocr_line' id='line_1_154' title="bbox 2926 3561 3530 3640; baseline 0.002 -20"><span class='ocrx_word' id='word_1_567' title='bbox 2926 3563 3160 3640; x_wconf 85' lang='lat' dir='ltr'><strong>rogauit</strong></span> <span class='ocrx_word' id='word_1_568' title='bbox 3186 3561 3307 3621; x_wconf 87' lang='lat' dir='ltr'><strong>ihm</strong></span> <span class='ocrx_word' id='word_1_569' title='bbox 3336 3562 3409 3621; x_wconf 93' lang='lat' dir='ltr'><strong>de</strong></span> <span class='ocrx_word' id='word_1_570' title='bbox 3438 3561 3530 3622; x_wconf 87' lang='lat' dir='ltr'><strong>dis</strong></span> 
     </span>
     <span class='ocr_line' id='line_1_155' title="bbox 2927 3656 3476 3734; baseline -0.005 -16"><span class='ocrx_word' id='word_1_571' title='bbox 2927 3657 3134 3734; x_wconf 91' lang='lat' dir='ltr'><strong>cipulis</strong></span> <span class='ocrx_word' id='word_1_572' title='bbox 3161 3657 3288 3716; x_wconf 88' lang='lat' dir='ltr'><strong>eius</strong></span> <span class='ocrx_word' id='word_1_573' title='bbox 3315 3665 3374 3714; x_wconf 87' lang='lat' dir='ltr'><strong>et</strong></span> <span class='ocrx_word' id='word_1_574' title='bbox 3401 3656 3476 3715; x_wconf 91' lang='lat' dir='ltr'><strong>de</strong></span> 
     </span>
     <span class='ocr_line' id='line_1_156' title="bbox 2928 3750 3380 3810; baseline 0.004 -2"><span class='ocrx_word' id='word_1_575' title='bbox 2928 3750 3193 3810; x_wconf 88' lang='lat' dir='ltr'><strong>doctrina</strong></span> <span class='ocrx_word' id='word_1_576' title='bbox 3218 3753 3344 3810; x_wconf 88' lang='lat' dir='ltr'><strong>eius</strong></span> <span class='ocrx_word' id='word_1_577' title='bbox 3365 3779 3380 3796; x_wconf 91' lang='lat'><strong>·</strong></span> 
     </span>
    </p>

    <p class='ocr_par' dir='ltr' id='par_1_38' title="bbox 2921 3841 3627 4206">
     <span class='ocr_line' id='line_1_157' title="bbox 2924 3841 3578 3921; baseline 0.003 -17"><span class='ocrx_word' id='word_1_578' title='bbox 2924 3841 2970 3878; x_wconf 79' lang='lat'><strong>⁸⁰</strong></span> <span class='ocrx_word' id='word_1_579' title='bbox 2988 3844 3317 3921; x_wconf 88' lang='lat' dir='ltr'><strong>Respondit</strong></span> <span class='ocrx_word' id='word_1_580' title='bbox 3343 3844 3424 3903; x_wconf 91' lang='lat' dir='ltr'><strong>illi</strong></span> <span class='ocrx_word' id='word_1_581' title='bbox 3451 3843 3543 3906; x_wconf 79' lang='lat' dir='ltr'><strong>ihs</strong></span> <span class='ocrx_word' id='word_1_582' title='bbox 3559 3874 3578 3894; x_wconf 90' lang='lat'><strong>·</strong></span> 
     </span>
     <span class='ocr_line' id='line_1_158' title="bbox 2922 3937 3441 4016; baseline 0 -18"><span class='ocrx_word' id='word_1_583' title='bbox 2922 3955 3038 4016; x_wconf 91' lang='lat' dir='ltr'><strong>ego</strong></span> <span class='ocrx_word' id='word_1_584' title='bbox 3065 3939 3128 3997; x_wconf 90' lang='lat' dir='ltr'><strong>in</strong></span> <span class='ocrx_word' id='word_1_585' title='bbox 3155 3939 3352 4015; x_wconf 85' lang='lat' dir='ltr'><strong>palam</strong></span> <span class='ocrx_word' id='word_1_586' title='bbox 3378 3937 3441 3998; x_wconf 93' lang='lat' dir='ltr'><strong>lo</strong></span> 
     </span>
     <span class='ocr_line' id='line_1_159' title="bbox 2921 4031 3351 4094; baseline -0.002 0"><span class='ocrx_word' id='word_1_587' title='bbox 2921 4041 3089 4094; x_wconf 90' lang='lat' dir='ltr'><strong>cutus</strong></span> <span class='ocrx_word' id='word_1_588' title='bbox 3117 4037 3186 4092; x_wconf 83' lang='lat' dir='ltr'><strong>sii</strong></span> <span class='ocrx_word' id='word_1_589' title='bbox 3214 4031 3351 4093; x_wconf 91' lang='lat' dir='ltr'><strong>huic</strong></span> 
     </span>
     <span class='ocr_line' id='line_1_160' title="bbox 2921 4125 3627 4206; baseline -0.003 -20"><span class='ocrx_word' id='word_1_590' title='bbox 2921 4127 3148 4186; x_wconf 89' lang='lat' dir='ltr'><strong>mundo</strong></span> <span class='ocrx_word' id='word_1_591' title='bbox 3173 4157 3187 4173; x_wconf 91' lang='lat'><strong>·</strong></span> <span class='ocrx_word' id='word_1_592' title='bbox 3233 4125 3368 4204; x_wconf 92' lang='lat' dir='ltr'><strong>Ego</strong></span> <span class='ocrx_word' id='word_1_593' title='bbox 3396 4143 3627 4206; x_wconf 86' lang='lat' dir='ltr'><strong>semper</strong></span> 
     </span>
    </p>
   </div>
   <div class='ocr_carea' id='block_1_30' title="bbox 2166 4221 3522 4302">
    <p class='ocr_par' dir='ltr' id='par_1_39' title="bbox 2166 4221 3522 4302">
     <span class='ocr_line' id='line_1_161' title="bbox 2166 4221 3522 4302; baseline -0.001 -21"><span class='ocrx_word' id='word_1_594' title='bbox 2166 4221 2328 4302; x_wconf 90' lang='lat' dir='ltr'><strong>pedit</strong></span> <span class='ocrx_word' id='word_1_595' title='bbox 2347 4238 2533 4282; x_wconf 86' lang='lat' dir='ltr'><strong>unum</strong></span> <span class='ocrx_word' id='word_1_596' title='bbox 2560 4221 2851 4282; x_wconf 63' lang='lat' dir='ltr'><strong>homine*</strong></span> <span class='ocrx_word' id='word_1_597' title='bbox 2920 4221 3096 4282; x_wconf 91' lang='lat' dir='ltr'><strong>docui</strong></span> <span class='ocrx_word' id='word_1_598' title='bbox 3123 4221 3186 4279; x_wconf 91' lang='lat' dir='ltr'><strong>in</strong></span> <span class='ocrx_word' id='word_1_599' title='bbox 3215 4236 3522 4298; x_wconf 79' lang='lat' dir='ltr'><strong>synagoga</strong></span> 
     </span>
    </p>
   </div>
   <div class='ocr_carea' id='block_1_31' title="bbox 3690 518 3966 571">
    <p class='ocr_par' dir='ltr' id='par_1_40' title="bbox 3690 518 3966 571">
     <span class='ocr_line' id='line_1_162' title="bbox 3690 518 3966 571; baseline 0.004 -1"><span class='ocrx_word' id='word_1_600' title='bbox 3690 518 3816 570; x_wconf 73' lang='lat'><strong>1¹01.</strong></span> <span class='ocrx_word' id='word_1_601' title='bbox 3835 518 3966 571; x_wconf 71' lang='lat' dir='ltr'><strong>m.</strong></span> 
     </span>
    </p>
   </div>
  </div>
 </body>
</html>
