4373 5048
852 511 974 575 162

847 674 986 725 XIX.
1017 682 1215 740 27—40.

1173 899 1457 977 discipulo
1483 918 1621 960 ecce
1651 909 1834 959 mater

1173 1010 1272 1059 tua
1299 1020 1372 1059 ex
1399 999 1496 1059 ina
1523 1000 1670 1059 hora
1697 1018 1838 1059 acce

1171 1102 1258 1179 pit
1287 1100 1444 1159 illam
1473 1101 1792 1177 discipulus
1821 1101 1884 1159 in

1173 1217 1278 1258 sua
1307 1208 1654 1275 potestatem

1053 1294 1098 1330 ²⁸
1115 1298 1332 1357 Postea
1359 1297 1448 1355 ihs
1477 1298 1667 1356 sciens
1695 1298 1836 1374 quia
1861 1297 1966 1357 ia*

1171 1396 1372 1455 omnia
1400 1406 1806 1454 consummata

1171 1504 1306 1554 sunt
1333 1494 1449 1553 atet
1477 1511 1860 1553 consummen

1173 1603 1266 1651 tur
1295 1593 1615 1669 scripturae

1171 1692 1310 1750 dicit
1339 1691 1470 1750 sitio
1497 1690 1542 1725 2’
1557 1708 1663 1748 uas
1699 1689 1958 1767 positum

1171 1800 1294 1849 erat
1323 1798 1492 1849 aceto
1519 1800 1576 1848 et
1606 1788 1836 1866 hysopo

1159 1889 1404 1965 plenum
1434 1888 1745 1965 spongiam
1773 1906 1838 1945 er

1171 2004 1251 2063 go
1279 1986 1514 2063 plenam
1543 1994 1712 2043 aceto
1740 1984 1886 2061 perti

1171 2105 1228 2142 ce
1255 2084 1765 2160 circumponentes
1794 2084 1875 2142 ob

1172 2182 1421 2241 tulerunt
1449 2182 1572 2239 eius
1602 2182 1690 2240 ori

1105 2281 1152 2315 ⁸⁰
1171 2300 1302 2340 cum
1330 2298 1475 2358 ergo
1503 2280 1824 2358 accepisset
1853 2280 1942 2339 ihs

1173 2390 1406 2441 acetum
1436 2380 1580 2439 dixit
1609 2396 1857 2437 consum

1171 2488 1396 2539 matum
1423 2487 1510 2538 est
1538 2475 1738 2538 inclito
1765 2478 1900 2555 capi

1174 2589 1230 2639 te
1259 2577 1490 2638 tradidit
1518 2581 1649 2654 spffi

1110 2675 1152 2711 ³¹
1174 2677 1370 2736 iudaei
1398 2692 1542 2752 ergo
1571 2675 1838 2752 quonia·-
1865 2691 2006 2750 para

1175 2773 1465 2836 sceusserat
1493 2783 1557 2832 ut
1588 2791 1708 2833 non
1737 2790 1800 2831 re

1172 2882 1475 2933 manerent
1503 2872 1564 2930 in
1593 2887 1764 2930 cruce
1794 2887 1896 2928 cor

1156 2984 1311 3050 pora
1346 2972 1593 3030 sabbato
1621 2978 1745 3028 erat
1773 2969 1918 3026 eni-

1172 3088 1421 3146 magnus
1450 3068 1574 3129 dies
1609 3067 1835 3126 sabbati

1172 3177 1520 3244 rogauerunt
1547 3165 1792 3243 pilatum

1171 3277 1234 3324 ut
1263 3265 1666 3343 frangerentur
1691 3283 1896 3322 eorum

1173 3381 1338 3422 crura
1364 3373 1423 3422 et
1454 3363 1792 3422 tollerentur

1056 3461 1100 3496 ⁸²
1117 3462 1420 3523 Uenerunt
1448 3479 1591 3538 ergo
1621 3459 1742 3517 mili

1171 3561 1246 3619 tis
1273 3572 1328 3620 et
1357 3560 1508 3619 illius
1537 3558 1774 3636 quidem
1813 3557 1901 3634 pri

1175 3659 1254 3717 mi
1284 3658 1578 3736 fregerunt
1607 3675 1775 3715 crura

1173 3768 1230 3817 et
1257 3757 1488 3818 alterius
1515 3757 1618 3835 qui
1644 3756 1822 3814 simul

2061 468 2305 573 fimi}
2333 558 2367 588 „

2113 608 2227 643 nem

2496 901 2753 961 crucifixi
2780 913 2914 962 sunt
2942 920 3069 961 cum
3099 902 3204 961 ihu

2336 1000 2481 1061 ”Ad
2510 1001 2631 1059 ihm
2659 1012 2851 1059 autem
2880 1018 3013 1060 cum
3042 1003 3199 1059 uenis

2500 1110 2627 1159 sent
2654 1110 2711 1159 et
2738 1100 3007 1158 uiderunt
3028 1116 3165 1157 eum

2500 1200 2615 1257 iarn
2643 1208 2940 1257 mortuum
2968 1216 3090 1257 non
3118 1196 3200 1256 fre

2498 1306 2705 1375 gerunt
2732 1298 2857 1355 eius
2885 1316 3053 1355 crura

2436 1392 2484 1431 ⁸⁴
2502 1414 2653 1454 unus
2683 1394 2931 1453 militum
2960 1394 3162 1453 lancea
3192 1394 3247 1451 la

2498 1506 2591 1553 tus
2618 1495 2743 1552 eius
2771 1494 3013 1572 pepugit
3042 1500 3102 1551 el
3124 1494 3233 1550 exi

2496 1593 2578 1652 uit
2599 1594 2877 1652 continuo
2908 1592 3145 1667 sanguis

2495 1701 2553 1750 et
2581 1708 2734 1769 aqua
2759 1690 2805 1723 ⁸⁶
2822 1698 2879 1748 et
2906 1689 3005 1766 qui
3034 1687 3177 1747 uidit
3204 1689 3336 1746 testi

2497 1790 2760 1850 monium
2792 1788 3088 1866 perhibuit
3109 1794 3161 1845 et

2496 1906 2701 1948 uerum
2728 1896 2815 1946 est
2840 1887 2964 1945 eius
2991 1886 3209 1944 testimo

2497 1998 2661 2055 nium
2690 2006 2747 2055 et
2774 1994 2866 2053 ille
2896 1995 3003 2054 scit
3028 1996 3163 2070 quia
3196 2014 3262 2051 ue

2496 2114 2563 2155 ra
2590 2094 2729 2153 dicit
2756 2103 2819 2151 ut
2846 2103 2904 2152 et
2930 2110 3039 2151 uos
3066 2092 3231 2150 creda

2498 2195 2570 2253 tis
2598 2192 2805 2251 ”sacta
2834 2200 2968 2251 sunt
2994 2192 3139 2249 enim
3167 2190 3300 2247 haec

2497 2302 2561 2351 ut
2590 2291 2873 2367 scriptura
2899 2290 3224 2365 implerelur

2498 2409 2566 2451 os
2595 2408 2719 2449 non
2748 2388 3151 2449 comminuetis
3177 2406 3255 2445 ex

2497 2508 2573 2551 eo
2601 2489 2645 2523 ⁸⁷
2660 2497 2718 2548 et
2745 2488 2951 2546 iterum
2978 2486 3243 2546 uidebant

2498 2587 2559 2645 in
2586 2603 2762 2662 quem
2792 2581 3215 2642 transfixerunt

2376 2686 2421 2720 ⁸⁸
2443 2684 2585 2744 Post
2599 2679 2719 2726 haee
2735 2691 2929 2741 autem
2958 2681 3196 2755 rogauit
3203 2680 3336 2755 pila

2500 2793 2624 2842 tum
2654 2779 2859 2857 ioseph
2889 2780 2964 2837 ab
2993 2779 3240 2836 arimath

2498 2878 2557 2936 ia
2582 2875 2719 2954 quia
2746 2883 2869 2933 erat
2895 2873 3203 2950 disctpulus

2497 2971 2661 3034 ihu-d·
2692 2984 2749 3033 et
2776 2973 3034 3050 permisit
3051 2972 3273 3047 pilatus

2495 3082 2779 3133 uenerunt
2807 3081 2995 3129 autem
3026 3077 3081 3128 et
3100 3077 3261 3128 sustu

2496 3173 2685 3232 lerunt
2708 3189 2845 3230 eum

2372 3273 2417 3307 ⁸⁹
2438 3271 2617 3330 Uenit
2650 3280 2843 3328 autem
2873 3267 3197 3326 nicodemus

2498 3370 2599 3447 qui
2623 3361 2788 3427 uffirat
2816 3366 2893 3426 ad
2920 3365 3040 3426 ihm
3070 3372 3227 3424 nocte

2498 3459 2749 3545 pri'mum
2777 3464 2965 3524 serens
2994 3465 3186 3523 me'xtu

2496 3584 2621 3625 ram
2665 3606 3371 3623 ........

2498 3664 2665 3743 quasi
2766 3704 3376 3724 .......

2376 3767 2421 3800 ⁴⁰
2438 3765 2807 3840 Acceperunt
2832 3779 2963 3837 ergo
2992 3768 3044 3818 et

2384 3879 2447 3930 .h.
2485 3876 2677 3928 occulte
2696 3893 2819 3941 ergo
2841 3881 3041 3941 propter
3064 3881 3249 3924 metum

2482 3961 2737 4011 iudeorum
2759 3963 2813 4008 ut
2838 3957 3039 4007 tolleret
3061 3965 3236 4022 corpus
