4373 5048
560 361 674 412 XX.
704 360 949 427 15-xxi.
968 358 1045 424 8.]

241 529 377 578 1¹01.
394 530 525 579 850.
564 522 699 581 Dr‘ie
723 554 737 569 ·
774 522 825 582 si
850 532 913 581 tu
940 521 1181 598 portasti

562 616 723 675 illum
750 614 843 675 dic
872 615 1015 674 mihi
1040 632 1081 673 u

561 712 622 770 bi
649 711 812 770 illum
841 710 1083 788 posuisti

562 812 621 863 et
649 822 764 881 ego
792 804 955 863 illum
988 804 1187 864 tollam
1211 834 1226 849 ·

563 896 607 933 ²⁶
623 897 779 959 Dicit
804 899 885 957 illi
903 898 993 957 ihs
1041 898 1223 970 maria
1244 928 1260 944 ·

561 992 657 1052 illa
684 1011 968 1053 conuersa
994 993 1135 1052 dicit

557 1086 637 1146 illi
662 1088 942 1148 rabboni·
986 1086 1148 1164 quod

559 1181 768 1240 dicitur
794 1182 1071 1257 magister
1094 1212 1109 1227 ·

559 1274 605 1309 ²⁷
621 1277 723 1334 Ait
750 1274 828 1335 illi
859 1276 949 1335 ihs
1018 1274 1137 1335 noli
1163 1292 1261 1334 me

564 1379 804 1447 tangere
832 1369 1038 1430 nondt‘i

564 1464 803 1524 ascendi
830 1464 907 1523 ad
936 1468 1099 1541 patre

564 1576 763 1617 meum
786 1589 801 1604 ·
860 1556 1035 1617 Uade

564 1670 706 1729 ergo
733 1652 809 1712 ad
837 1650 1041 1711 fratres

566 1764 734 1805 meos
763 1756 822 1805 et
850 1746 943 1805 dic
973 1745 1084 1805 illis
1108 1777 1123 1792 ·

566 1840 823 1900 ascendo
852 1839 930 1899 ad
956 1844 1118 1916 patre

563 1953 765 1995 meum
789 1966 804 1981 ·
868 1944 926 1993 et
953 1934 1029 1993 ad
1056 1937 1219 2011 patre

565 2040 819 2090 uestrum
840 2060 855 2076 ·
897 2029 972 2088 ad
998 2028 1101 2087 ἀῶ

565 2141 764 2183 meum
785 2134 848 2182 et
874 2122 949 2183 ad
978 2122 1079 2181 dm

561 2230 821 2278 uestrum
843 2249 857 2265 ·
880 2249 893 2264 ·
937 2216 979 2253 ¹³
1004 2214 1181 2275 Uenit

556 2312 739 2372 maria
767 2312 1119 2389 magdalena

623 2442 781 2493 lectio
802 2441 855 2491 in
880 2441 1030 2506 plena
1053 2455 1207 2505 pasca

666 2520 778 2570 diae
800 2519 1159 2570 dominicarum
1212 2518 1215 2522 ’

558 2600 909 2662 adnuntians
940 2600 1161 2678 disscipu

558 2695 629 2755 lis
657 2694 819 2772 quod
845 2695 995 2754 uidis

562 2799 651 2849 set
679 2789 821 2848 dfim
885 2797 943 2846 et
970 2788 1115 2847 haec
1138 2786 1238 2846 dix

564 2883 735 2942 sisset
754 2882 833 2940 illi
854 2913 869 2928 ·
914 2885 951 2944 †
968 2880 1013 2914 ¹⁹
1034 2881 1163 2941 Iam
1186 2897 1261 2944 au

564 2986 685 3036 tem
711 2994 849 3035 cum
877 2985 1030 3036 esset
1055 2993 1161 3034 ues

566 3088 707 3148 pera
733 3070 849 3130 diei
876 3069 1023 3129 illius
1042 3101 1057 3117 ·

565 3183 716 3242 quae
744 3173 835 3224 est
862 3164 1048 3242 prima
1076 3164 1182 3223 sab

566 3259 687 3318 bati
710 3289 725 3305 ·
787 3267 847 3318 et
863 3258 1041 3318 osteis
1062 3255 1237 3316 clusis

564 3353 665 3410 ubi
692 3361 857 3412 erant
883 3351 1151 3428 discipuli
1179 3382 1194 3398 ·

466 3433 477 3444 ⁵
565 3457 803 3523 propter
829 3446 1101 3505 timorem

566 3539 907 3599 iudaeorum
930 3570 943 3586 ·
1002 3536 1185 3597 Uenit

566 3632 657 3692 ihs
685 3643 744 3692 et
764 3634 915 3692 stetit
942 3633 1003 3691 in
1030 3631 1227 3691 medio
1247 3663 1261 3678 ·

567 3735 627 3786 et
654 3727 790 3787 dicit
816 3727 925 3786 illis
981 3745 1099 3804 pax
1121 3743 1203 3784 uo

1818 340 2264 415 IOHANNE'
2279 383 2294 399 ·

1314 521 1462 581 sicut
1488 522 1647 581 misit

1312 622 1411 662 me
1437 614 1605 680 pater

1312 706 1370 757 et
1397 716 1512 775 ego
1540 698 1709 758 mitto
1738 716 1849 758 uos
1872 730 1887 746 ·

1312 792 1357 826 ²²
1376 791 1547 852 Haec
1575 811 1713 852 cum
1733 793 1971 853 dixisset

1310 886 1425 947 illis
1448 917 1463 933 ·
1523 886 1767 947 Suflauit

1313 992 1373 1040 et
1398 980 1545 1041 dixit
1568 1012 1581 1026 ·
1642 981 1849 1059 Accipi

1312 1084 1371 1134 te
1401 1080 1536 1152 spm
1565 1082 1693 1135 scm
1764 1074 1827 1134 Si

1309 1169 1354 1204 ²³
1372 1188 1624 1247 quorum
1649 1171 1823 1229 remis

1312 1264 1500 1324 seritis
1528 1274 1771 1342 peccata

1312 1359 1631 1418 remittetur
1652 1360 1738 1419 eis
1762 1390 1777 1407 ·

1318 1452 1379 1511 Si
1407 1454 1571 1512 cuius
1598 1455 1818 1513 tenueri

1314 1548 1388 1607 tis
1416 1549 1795 1607 tenebuntur·

1314 1638 1359 1673 ²⁴
1376 1639 1643 1701 Thomas
1671 1652 1867 1701 autem

1314 1753 1465 1794 unur
1490 1754 1565 1794 ex
1594 1736 1792 1796 duode

1316 1831 1431 1889 cim
1462 1830 1759 1907 discipulis
1781 1862 1796 1878 ·

1317 1923 1440 1997 Qui
1462 1923 1824 2001 cognomina

1313 2029 1407 2079 tur
1434 2019 1707 2096 dydimus

1312 2131 1437 2172 non
1465 2124 1587 2173 erat
1620 2132 1755 2173 cum
1782 2114 1823 2172 il

1310 2206 1380 2266 lis
1399 2240 1413 2255 ·
1479 2207 1718 2285 quando
1746 2225 1820 2268 ue

1310 2309 1476 2361 nerat
1513 2302 1603 2362 ihs

1309 2592 1354 2626 ²⁵
1372 2590 1646 2650 dicebant
1666 2610 1807 2669 ergo
1829 2593 1907 2652 illi

1310 2685 1407 2744 alii
1436 2686 1703 2762 discipuli
1769 2688 1833 2748 ui

1312 2779 1505 2838 dimus
1534 2780 1677 2840 dfim
1698 2811 1712 2827 ·
1771 2789 1830 2841 at
1856 2780 1950 2843 ille

1311 2874 1457 2933 dixit
1482 2875 1569 2934 eis
1592 2906 1607 2921 ·
1671 2876 1787 2935 nisi
1812 2877 1873 2934 ui

1312 2967 1455 3026 dero
1484 2967 1545 3025 in
1572 2971 1843 3030 manibus

1312 3064 1435 3122 eius
1462 3062 1657 3122 locum
1686 3065 1851 3126 clauo

1313 3173 1444 3214 rum
1468 3189 1482 3204 ·
1538 3167 1597 3216 et
1622 3158 1851 3217 mittam

1316 3250 1561 3328 digitum
1590 3269 1786 3311 meum

1314 3345 1375 3403 in
1405 3346 1598 3404 locum
1628 3346 1863 3406 clauorii

1236 3471 1239 3474 ·
1314 3438 1392 3498 Et
1418 3431 1645 3499 mittam
1673 3459 1915 3500 manum

1313 3551 1509 3592 meam
1536 3535 1598 3592 in
1624 3533 1773 3593 latus
1800 3536 1924 3595 eius

1315 3645 1439 3686 non
1467 3629 1704 3687 credam
1721 3660 1735 3675 ·

1314 3721 1359 3755 ²⁶
1375 3721 1452 3780 Et
1486 3732 1623 3798 post
1650 3723 1775 3783 dies
1803 3733 1942 3784 octo

567 3819 656 3879 bis
678 3845 691 3860 ·
736 3817 781 3852 ²⁰
796 3829 855 3880 et
871 3820 986 3879 hoc
1008 3837 1142 3878 cum
1166 3816 1265 3878 dix
1316 3816 1523 3875 iterum
1551 3827 1714 3876 erant
1740 3818 1803 3875 in

569 3913 738 3973 sisset
758 3945 773 3960 ·
837 3913 1097 3973 ostendit
1124 3929 1225 3972 ma

567 4024 677 4066 nus
706 4016 763 4067 et
790 4007 939 4066 latus
966 4007 1077 4066 illis
1097 4038 1111 4053 ·

1315 3921 1407 3970 tus
1436 3911 1497 3968 in
1523 3929 1705 3969 unum
1728 3911 1873 3970 disci

1315 4004 1435 4081 puli
1462 4005 1612 4064 illius
1635 4037 1649 4052 ·
1721 4015 1779 4064 et
1806 4004 1909 4064 tho

570 4099 775 4160 Gauisi
797 4111 934 4160 sunt
956 4110 1151 4160 autem
1173 4099 1264 4160 dis
1315 4116 1443 4158 mas
1470 4108 1593 4156 erat
1619 4115 1754 4157 cum
1781 4099 1891 4158 illis
1912 4131 1928 4147 ·

564 4193 737 4270 cipuli
806 4212 941 4254 cum
967 4194 1123 4253 uidis

562 4295 693 4346 sent
721 4287 865 4346 dfim
883 4319 899 4335 ·
944 4285 986 4320 ²²
1003 4288 1147 4347 dixit
1174 4307 1239 4347 er

560 4394 641 4454 go
660 4377 768 4439 illis
790 4380 934 4441 iterii
954 4397 1071 4457 pax
1092 4381 1263 4440 uobis

1315 4191 1496 4251 Uenit
1524 4192 1614 4252 ihs
1642 4194 1821 4252 osteis

1316 4285 1492 4346 clusis
1515 4317 1530 4332 ·
1588 4285 1666 4345 Et
1696 4287 1851 4346 stetit

1314 4381 1375 4440 in
1404 4380 1601 4440 medio
1630 4390 1688 4440 et
1716 4380 1862 4441 dixit

2117 541 2236 600 pax
2266 523 2437 583 uobis
2460 554 2475 570 ·
2519 520 2565 559 2'
2581 523 2738 582 Dein

2118 617 2192 676 de
2224 617 2363 677 dicit
2389 616 2629 677 thomae

2115 711 2350 788 porrige
2379 711 2625 788 digitum

2115 815 2280 863 tuum
2310 805 2424 864 huc
2449 837 2464 851 ·
2528 816 2587 865 et
2614 807 2674 864 ui

2114 898 2190 957 de
2220 916 2429 958 manus
2456 918 2619 959 meas

2113 1002 2172 1051 et
2200 988 2342 1051 affer
2368 1012 2608 1052 manum
2635 1002 2700 1052 tu

2116 1104 2216 1145 arn
2235 1117 2250 1133 ·
2311 1096 2370 1145 et
2397 1087 2558 1146 mitte
2585 1088 2647 1146 in
2676 1087 2734 1146 la

2115 1190 2209 1239 tus
2237 1198 2436 1240 meum
2455 1212 2470 1228 ·
2531 1191 2589 1239 et
2616 1196 2697 1240 no

2113 1274 2153 1332 li
2182 1292 2312 1333 esse
2333 1274 2665 1333 incredulus

3479 366 3554 433 71

2857 540 2895 581 a
2927 540 3077 583 cana
3102 521 3342 601 galileae
3362 554 3377 571 ·

2862 627 2921 677 et
2949 618 3029 676 fili
3055 619 3294 679 zebedei
3356 616 3436 679 Et

2865 712 2962 770 alii
2991 713 3110 771 duo
3139 732 3213 772 ex
3242 708 3536 795 dis[ci]pu

2863 804 2933 864 lis
2961 806 3112 865 illius
3132 838 3146 853 ·
3205 807 3228 840 ⁸
3245 807 3408 867 Dicit
3436 808 3524 868 eis

2860 900 3054 958 simon
3081 910 3279 978 petrus
3299 920 3376 961 ua

2861 994 2940 1053 do
2968 996 3194 1071 piscare
3218 1028 3233 1043 ·
3296 996 3498 1057 dicunt

2859 1088 2938 1146 illi
2967 1090 3235 1149 uenimus
3263 1100 3322 1149 et
3349 1100 3450 1149 n⁰s

2859 1192 3056 1241 tecum
3081 1214 3094 1229 ·
3150 1182 3435 1243 Exierunt

2859 1285 2920 1335 et
2945 1276 3334 1337 ascenderunt
3361 1278 3423 1336 in

2114 1367 2220 1427 sed
2248 1368 2434 1427 fidelis
2456 1400 2471 1415 ·
2514 1366 2558 1401 ²⁸
2579 1369 2660 1428 Et
2685 1386 2780 1429 res
2856 1388 3072 1429 nauem
3095 1402 3108 1417 ·
3169 1370 3246 1432 Et
3274 1372 3335 1430 in
3362 1372 3460 1430 illa

2113 1462 2324 1536 pondit
2353 1462 2586 1522 thomas

2114 1566 2171 1613 et
2200 1554 2343 1613 dixit
2369 1556 2484 1613 illi.
2550 1556 2662 1616 dns

2114 1667 2280 1708 meus
2309 1660 2368 1708 et
2396 1650 2464 1707 ds
2494 1668 2658 1709 meus
2681 1680 2696 1697 ·

2110 1744 2157 1779 ²⁹
2175 1742 2331 1802 Dicit
2358 1743 2437 1801 illi
2465 1744 2554 1804 ihs
2583 1746 2719 1822 quia

2113 1837 2312 1897 uidisti
2341 1856 2436 1897 me
2465 1848 2526 1897 et
2554 1858 2650 1898 cre

2114 1931 2312 1991 didisti
2331 1963 2344 1977 ·
2410 1932 2576 1991 Beati
2603 1934 2705 2010 qui

2114 2043 2238 2085 non
2265 2025 2535 2085 uiderunt
2554 2059 2568 2074 ·

2114 2130 2174 2179 et
2203 2120 2572 2180 crediderunt

2111 2212 2159 2245 ³⁰
2178 2212 2369 2273 Multa
2396 2213 2632 2291 quidem
2659 2224 2717 2274 et
2739 2232 2776 2273 a

2112 2306 2190 2367 lia
2219 2308 2386 2385 signa
2406 2307 2543 2367 fecit
2561 2308 2652 2367 ihs

2114 2615 2318 2658 coram
2346 2596 2648 2675 discipulis

2114 2690 2233 2751 suis
2254 2709 2404 2768 quae
2431 2709 2554 2750 non
2583 2700 2719 2750 sunt

2116 2781 2387 2867 sc[ri]bta
2404 2785 2466 2844 in
2487 2785 2603 2845 hoc
2625 2785 2772 2845 libro
2796 2818 2811 2834 ·

2114 2879 2158 2912 ⁸¹
2178 2879 2350 2939 Haec
2378 2888 2572 2939 autem
2601 2881 2816 2940 scribta

2114 2983 2251 3032 sunt
2275 2984 2341 3032 ut
2367 2991 2478 3032 uos
2506 2975 2682 3034 creda

2117 3069 2190 3126 tis
2209 3098 2224 3114 ·
2289 3072 2431 3144 qsim
2459 3066 2549 3126 ihs
2577 3079 2666 3126 est

2118 3160 2410 3239 xpsfilius
2438 3162 2499 3219 di
2523 3192 2536 3208 ·
2597 3171 2656 3220 et
2683 3170 2748 3221 ut

2116 3254 2421 3314 credentes
2447 3254 2626 3314 uitam

2040 3407 2053 3427 ‚
2118 3360 2414 3408 aeternam
2441 3348 2704 3409 habeatis

2116 3443 2177 3502 in
2207 3443 2445 3502 nomine
2473 3445 2596 3502 eius
2615 3469 2698 3496 „es

2072 3533 2100 3568 '⁸'
2125 3541 2220 3596 21.
2249 3536 2268 3567 ¹
2290 3536 2504 3596 Postea
2529 3537 2777 3598 manifes

2072 3629 2101 3662 '¹
2124 3632 2266 3690 tauit
2295 3649 2358 3690 se
2383 3633 2591 3690 iterum

2070 3723 2101 3758 *
2126 3725 2216 3784 ihs
2244 3725 2543 3802 discipulis
2573 3727 2691 3786 suis

2114 3819 2192 3879 ad
2219 3837 2381 3878 mare
2410 3820 2614 3879 tiberia

2116 3913 2206 3974 dis
2226 3945 2240 3960 ·
2299 3913 2609 3973 manifesta

2113 4008 2200 4066 uit
2227 4017 2424 4067 autem
2453 4025 2515 4067 se
2545 4008 2627 4067 sic
2652 4039 2667 4054 ·

2112 4103 2136 4138 ²
2152 4101 2336 4161 Erant
2363 4102 2532 4160 simul
2560 4103 2740 4162 simon

2112 4207 2313 4274 petrus
2381 4206 2440 4256 et
2473 4197 2704 4258 thomas

2113 4291 2216 4366 qui
2244 4290 2526 4367 apellatur
2552 4291 2691 4369 dydi

2113 4400 2246 4444 mus
2269 4416 2284 4432 ·
2348 4394 2406 4445 et
2433 4385 2744 4448 nathanael

2859 1474 3035 1523 nocte
3065 1467 3368 1542 prehende

2860 1568 2994 1617 runt
3022 1559 3166 1618 nihil
3185 1591 3198 1607 ·
3243 1564 3264 1596 ⁴
3287 1560 3384 1619 Pri

2862 1670 2960 1711 ma
2987 1663 3182 1712 autem
3208 1654 3339 1715 luce
3357 1687 3372 1702 ·

2861 1747 3016 1806 stetit
3043 1747 3133 1806 ihs
3161 1747 3238 1808 ad
3263 1748 3398 1810 litus
3418 1781 3433 1798 ·

2863 1838 3008 1899 Non
3035 1850 3236 1901 tamen
3265 1844 3519 1904 scierunt

2862 1933 3132 2012 discipuli
3159 1938 3298 2013 quia
3325 1937 3414 1997 ihs

2865 2038 2985 2087 erat
3004 2060 3018 2075 ·
3078 2027 3101 2063 ⁶
3119 2030 3258 2089 dicit
3285 2049 3430 2107 ergo

2865 2122 2974 2181 illis
3003 2123 3091 2182 ihs
3118 2126 3282 2200 puen'
3320 2130 3402 2185 nii

2863 2216 3004 2294 quid
3031 2218 3379 2293 pulmentari

2861 2327 2966 2370 um
2991 2310 3218 2373 habetis
3236 2345 3250 2360 ·

2862 2599 3293 2676 responderunt
3319 2602 3402 2662 illi

2865 2711 2988 2752 non
3012 2725 3027 2740 ·
3071 2695 3094 2728 ⁶
3114 2705 3173 2752 at
3200 2695 3294 2756 ille
3322 2696 3468 2758 dixit

2865 2787 2951 2847 eis
3023 2788 3229 2848 mittite
3257 2791 3317 2849 in
3346 2793 3462 2852 dex

2865 2891 3013 2939 tram
3040 2891 3264 2957 partem
3289 2887 3460 2946 nauis

2865 2976 3008 3036 retia
3032 2987 3092 3035 et
3119 2977 3427 3041 inuenietis
3448 3010 3463 3029 ·

2864 3070 3147 3129 miserunt
3173 3091 3317 3150 ergo
3346 3085 3405 3135 et

2867 3181 2991 3222 non
3021 3175 3334 3241 potuerunt
3362 3189 3426 3230 re

2866 3258 2946 3317 tia
2973 3257 3198 3320 trahere
3226 3281 3368 3339 prae

2869 3352 3236 3413 multitudine
3257 3357 3406 3433 pisci

2869 3463 2972 3504 um
2996 3478 3010 3493 ·
3055 3448 3076 3480 ⁷
3095 3447 3252 3508 Dicit
3280 3469 3424 3528 ergo

2869 3540 3182 3618 discipulus
3209 3543 3300 3602 ille
3329 3549 3446 3621 que

2870 3633 3148 3712 diligebat
3175 3637 3265 3697 ihs
3308 3639 3382 3698 ad
3411 3657 3488 3717 pe

2869 3735 3022 3786 trum
3040 3760 3055 3775 ·
3098 3729 3210 3790 dfis
3239 3742 3327 3791 est
3347 3764 3361 3779 ·
3422 3733 3485 3792 Si

2865 3838 3013 3880 mon
3039 3841 3181 3900 ergo
3213 3836 3414 3902 petrus

2863 3924 2928 3973 ut
2955 3915 3176 3975 audiuit
3200 3918 3363 3994 quod

2863 4007 2975 4069 dfis
2997 4020 3083 4069 est
3143 4013 3402 4073 tunicam

2863 4120 2928 4162 se
2955 4103 3356 4166 circumcinxit

2863 4198 3057 4258 nudus
3085 4201 3244 4259 enim
3272 4210 3393 4261 erat

2863 4299 2922 4352 et
2949 4293 3105 4352 misit
3127 4311 3190 4354 se
3219 4294 3279 4353 in
3301 4313 3464 4354 mare

2862 4385 2884 4467 ⁸.
2925 4397 2956 4429 ⁰
3018 4385 3058 4445 li
3084 4404 3165 4464 qu
3226 4405 3367 4448 uero
3397 4389 3544 4448 disci

3583 536 3711 587 li'ol.
3729 534 3851 585 2⁸1.
