4373 5048
278 512 415 563 ποι.
434 512 564 565 825.
586 507 633 542 ³⁰
648 508 815 571 Dixit
840 509 1185 569 nicodemus

584 351 698 401 vn.
718 349 972 415 5o-V111.
993 345 1101 413 37.]

1340 527 1466 570 non
1493 510 1690 570 iudico
1718 527 1899 587 quem

586 604 665 663 ad
692 620 831 663 eos·
894 603 989 662 ille
1017 604 1220 681 quiue
1341 622 1556 681 quam·
1600 603 1643 641 ¹⁶
1659 604 1736 663 Et
1763 606 1813 663 si
1838 604 1961 665 iudi

586 698 673 755 nit
701 698 778 757 ad
804 715 941 757 eum
970 707 1144 757 nocte
1162 727 1177 743 ·

586 808 739 849 unus
758 792 861 867 qui
878 802 1002 850 erat
1018 809 1093 851 ex
1111 791 1253 869 ipsis
1273 822 1288 839 ·

586 884 632 917 ⁸¹
652 884 957 962 Numquid
978 885 1075 945 lex
1092 894 1293 945 nostra

586 978 804 1037 iudicat
830 979 1135 1039 hominem
1155 1010 1170 1026 ·

584 1072 700 1131 nisi
727 1072 971 1132 audierit
997 1075 1092 1151 pri-

587 1183 753 1224 mum
773 1166 850 1225 ab
868 1167 1001 1243 ipso
1022 1198 1037 1213 ·
1067 1166 1145 1226 Et
1172 1185 1291 1245 cog

584 1261 815 1319 nouerit
841 1260 983 1337 quid
1012 1260 1187 1322 facit·

584 1350 631 1387 '⁵'
646 1352 1107 1432 Responderunt
1131 1365 1190 1416 et

585 1446 854 1507 dixerunt
881 1449 969 1507 ei·
1033 1468 1178 1509 num

583 1542 726 1618 quid
754 1552 814 1601 et
840 1552 902 1601 tu
928 1544 1171 1619 galileus

584 1654 649 1694 es
670 1666 686 1681 ·
747 1635 1015 1695 Scrutare
1044 1647 1103 1697 et

583 1730 721 1791 uide
749 1730 887 1807 quia
912 1730 1081 1811 profe

582 1832 644 1881 ta
670 1842 707 1881 a
733 1824 943 1900 galilea
971 1842 1095 1884 non
1124 1843 1223 1885 sur

582 1918 669 1995 git
686 1949 700 1964 ·
723 1949 737 1964 ·
761 1949 775 1964 ·
822 1916 1151 1978 8.¹²Iterum
1179 1938 1245 1980 er

1342 716 1418 757 co
1446 716 1563 774 ego
1589 697 1879 759 Iudicium

1341 809 1543 851 meum
1570 810 1775 852 uerum
1805 802 1893 853 est
1911 823 1925 841 ·

1341 885 1480 963 quia
1508 886 1671 945 solus
1699 902 1822 946 non
1850 892 1921 945 st’i
1944 917 1959 933 ·

1343 979 1449 1039 sed
1475 998 1593 1055 ego
1648 989 1708 1040 et
1735 981 1836 1058 qui
1865 999 1963 1040 me

1342 1074 1499 1134 misit
1525 1084 1692 1150 pater
1772 1073 1883 1133 ¹⁷et
1909 1076 1970 1133 in

1339 1165 1473 1245 lege
1499 1175 1697 1226 autem
1724 1178 1921 1228 uestra

1339 1262 1622 1338 scriptum
1650 1273 1739 1322 est
1762 1292 1778 1309 ·
1838 1264 1977 1340 quia

1338 1355 1590 1415 duorum
1611 1356 1859 1416 hominu

1338 1450 1741 1510 testimonium
1769 1470 1844 1510 ue
1879 1472 1885 1479 ·

1336 1562 1468 1603 rum
1496 1555 1585 1605 est
1604 1575 1619 1591 ·
1662 1543 1707 1579 ¹⁸
1725 1544 1859 1624 Ego
1888 1551 1961 1606 sii

1337 1638 1437 1716 qui
1468 1639 1869 1699 testimonium

1336 1731 1619 1808 perhibeo
1650 1733 1725 1793 de
1753 1752 1850 1793 me
1878 1734 1938 1811 ip

1338 1844 1407 1887 so
1429 1857 1446 1873 ·
1508 1836 1566 1885 et
1594 1827 1896 1887 testimoni

1335 1938 1438 1979 um
1466 1920 1731 1997 perhibet
1759 1922 1833 1981 de

1335 2031 1433 2073 me
1462 2016 1563 2093 qui
1592 2016 1751 2074 misit
1778 2034 1875 2075 me

1334 2118 1503 2186 pater
1526 2140 1541 2155 ·
1568 2140 1581 2156 ·
1607 2140 1622 2156 ·
1646 2107 1690 2142 ¹⁹
1706 2107 1999 2169 Dicebant

1333 2221 1478 2280 ergo
1505 2202 1559 2262 ei
1640 2204 1741 2263 ubi
1770 2214 1857 2264 est
1884 2222 1963 2281 pa

1330 2307 1421 2356 ter
1448 2306 1613 2357 tuus.
1670 2314 1891 2375 respon

581 2030 661 2087 go
690 2011 801 2071 illis
829 2012 1058 2072 locutus
1086 2024 1175 2072 est

580 2106 671 2167 ihs
698 2105 899 2166 dicens
915 2138 931 2155 ·
990 2126 1105 2184 ego
1128 2104 1143 2119 '

582 2218 713 2260 sum
742 2200 837 2260 lux
868 2201 1072 2260 mundi

579 2296 681 2372 qui
702 2296 957 2372 sequitur
984 2313 1080 2356 me

580 2446 705 2487 non
734 2428 1054 2489 ambulabit
1079 2429 1141 2488 in
1169 2438 1228 2489 te
1324 2430 1469 2507 {50⁶³}
1487 2429 1573 2489 dit
1599 2430 1691 2490 ihs
1775 2448 1970 2509 neque

580 2523 779 2583 nebris
848 2523 953 2584 sed
981 2526 1179 2584 abebit
1333 2542 1430 2584 me
1461 2524 1622 2585 scitis
1650 2526 1799 2606 neqS
1832 2544 1913 2603 pa

580 2617 769 2676 lucem
795 2618 949 2678 uitae
968 2651 982 2666 ·
1008 2651 1021 2666 ·
1066 2618 1111 2653 ¹⁸
1128 2620 1282 2681 Dixe
1333 2627 1483 2679 trem
1511 2636 1709 2678 meam
1732 2651 1747 2668 ·
1800 2621 1849 2680 si
1869 2627 1969 2680 eni

576 2721 711 2770 runt
737 2730 879 2790 ergo
908 2713 985 2771 ini
1015 2713 1117 2773 sari
1333 2730 1431 2773 me
1460 2715 1681 2774 sciretis
1709 2723 1769 2774 et
1795 2733 1875 2792 pa

580 2807 664 2864 sei
686 2836 702 2853 ·
764 2817 827 2866 tu
854 2807 931 2866 de
959 2817 1019 2868 te
1046 2809 1181 2872 testi
1331 2817 1479 2870 trem
1507 2825 1708 2868 meum
1737 2810 1885 2870 scire

579 2901 841 2960 monium
869 2901 1140 2978 perhibes
1160 2935 1175 2952 ·
1331 2903 1405 2961 tis
1429 2903 1701 2982 utiquae·
1730 2936 1743 2950 ·
1786 2900 1832 2938 '⁰
1852 2902 2023 2964 Haec

577 2995 977 3056 testimonium
1005 3005 1159 3058 tuu-
1328 2997 1508 3056 uerba
1533 2997 1765 3057 locutus
1792 3006 1881 3057 est
1908 2997 1999 3057 ihs

580 3105 703 3147 non
730 3100 819 3148 est
846 3108 1051 3152 uerum
1071 3122 1085 3138 ·
1329 3090 1392 3149 in
1418 3091 1765 3168 gazofilacio
1782 3122 1797 3138 ·
1855 3091 1936 3150 do

578 3179 1051 3259 ³⁴Responditihs
1068 3186 1280 3246 etdixit
1332 3202 1473 3244 cens
1501 3185 1561 3242 in
1590 3184 1809 3262 templo
1832 3215 1849 3232 ·

577 3275 661 3335 eis
681 3307 696 3323 ·
758 3276 838 3335 Et
862 3278 912 3338 si
938 3297 1055 3355 ego
1085 3280 1218 3338 testi
1330 3289 1390 3339 et
1418 3296 1597 3338 nemo
1626 3278 1926 3355 adprehen

578 3370 845 3434 monium
871 3373 1111 3448 peribeo
1332 3373 1416 3432 dit
1442 3391 1579 3432 eum
1661 3374 1801 3449 quia
1828 3391 1952 3433 non

486 3513 503 3520 -
577 3463 651 3522 de
675 3482 772 3524 me
800 3465 930 3541 ipso
1012 3483 1222 3525 uerum
1331 3466 1471 3526 dum
1502 3476 1743 3526 uenerat
1771 3467 1852 3527 ho

1406 3586 1489 3614 os
1530 3579 1597 3620 ra
1624 3561 1749 3620 eius
1793 3587 1876 3615 os

1293 3651 1369 3686 *²¹
1385 3652 1549 3712 Dixit
1577 3672 1722 3731 ergo
1750 3655 1834 3714 eis
1861 3655 2009 3715 iterii

1294 3745 1420 3808 *ihs
1440 3779 1455 3794 ·
1518 3767 1635 3825 ego
1664 3748 1821 3808 uado
1844 3780 1859 3796 ·
1923 3759 1981 3810 et

576 3567 667 3617 est
700 3560 1095 3618 testimonium

574 3669 771 3711 meum
837 3653 974 3729 quia
1002 3654 1126 3714 scio

572 3746 731 3805 unde
756 3747 893 3806 ueni
922 3756 1021 3808 aut
1047 3766 1171 3826 quo

571 3840 730 3900 uado
756 3871 771 3887 ·
830 3859 941 3904 uos
969 3852 1165 3902 autem
1295 3840 1570 3920 *queritis
1598 3860 1696 3901 me
1717 3874 1732 3890 ·
1796 3851 1855 3902 et

573 3935 807 3994 nescitis
827 3935 985 3994 unde
1011 3937 1191 3996 uenio
1293 3934 1389 3996 *in
1418 3946 1666 4014 peccato
1694 3946 1896 3996 uestro

571 4038 671 4088 aut
699 4046 820 4105 quo
848 4029 1005 4088 uado
1030 4060 1045 4076 ·
1088 4029 1133 4063 ¹⁵
1149 4029 1279 4093 Uos
1330 4029 1656 4090 moriemini
1676 4061 1691 4076 ·
1753 4029 1853 4088 ubi

572 4123 899 4182 secundum
928 4133 1155 4184 carne·-
1330 4141 1446 4200 ego
1474 4123 1631 4182 uado
1660 4140 1773 4182 uos
1801 4141 1928 4183 non

571 4215 837 4278 iudicatis
856 4247 871 4264 ·
930 4215 1064 4294 Ego
1086 4235 1223 4278 non
1330 4217 1573 4294 potestis
1598 4218 1797 4277 uenire
1815 4248 1830 4265 ·

1852 328 2298 402 IOHANNE’
2311 370 2326 387 ·
2361 364 2368 371 ·

2146 604 2432 681 numquid
2461 605 2692 663 occissu

2145 716 2244 757 rus
2273 708 2362 758 est
2389 716 2454 757 se
2476 730 2492 745 ·
2554 705 2698 774 qum
2726 698 2786 757 di

2147 793 2228 851 cit
2255 793 2357 851 ubi
2385 810 2500 869 ego
2527 792 2685 851 uado

2145 904 2257 946 uos
2285 905 2404 947 non
2433 887 2678 963 potestis

2145 981 2347 1039 uenire
2371 1010 2387 1027 ·
2430 978 2473 1013 Β
2491 980 2568 1039 Et
2599 981 2743 1039 dixit

2145 1074 2229 1133 eis
2256 1091 2366 1134 uos
2395 1074 2470 1133 de
2498 1075 2712 1134 deorsu

2145 1168 2284 1227 estis
2307 1199 2321 1214 ·
2384 1167 2520 1245 Ego
2548 1178 2747 1227 autem

2144 1262 2220 1321 de
2249 1263 2644 1339 superioribus

2144 1373 2278 1414 sum
2300 1388 2316 1401 ·
2378 1374 2491 1415 uos
2519 1356 2593 1416 de
2621 1356 2736 1416 hoc

2144 1450 2370 1509 mundo
2396 1450 2538 1509 estis
2561 1481 2576 1496 ·
2637 1468 2752 1527 ego

2144 1562 2272 1603 non
2301 1562 2433 1603 sum
2463 1545 2536 1604 de
2565 1545 2682 1605 hoc

2142 1639 2369 1698 mundo
2390 1670 2404 1685 ·
2431 1672 2444 1685 ·
2489 1636 2535 1673 ²⁴
2551 1639 2687 1697 Dixi
2716 1658 2780 1701 er

2141 1751 2221 1809 go
2250 1733 2421 1792 uobis
2450 1734 2589 1809 quia
2617 1750 2718 1793 mo

2141 1826 2368 1885 riemini
2399 1827 2460 1884 in
2488 1845 2676 1903 pecca

2142 1920 2216 1977 tis
2239 1920 2446 1979 uestris
2467 1952 2480 1967 ·
2550 1920 2611 1979 Si
2642 1927 2738 1981 eni

2142 2032 2266 2073 non
2296 2014 2588 2073 crederitis

2143 2109 2280 2186 quia
2307 2126 2423 2185 ego
2453 2127 2584 2170 sum
2609 2141 2624 2156 ·
2689 2126 2790 2169 mo

2141 2204 2368 2263 riemini
2396 2204 2457 2261 in
2484 2222 2669 2280 pecca

2141 2296 2215 2355 tis
2241 2297 2450 2357 uestris
2468 2328 2482 2343 ·
2528 2295 2573 2330 ²⁵
2587 2296 2738 2359 Dice

2141 2430 2286 2488 bant
2305 2448 2451 2506 ergo
2479 2430 2534 2488 ei
2557 2461 2572 2477 ·
2635 2440 2699 2489 tu
2727 2431 2830 2508 qui

2142 2541 2171 2582 s
2199 2541 2265 2584 es
2286 2556 2300 2571 ·
2360 2534 2420 2582 et
2446 2524 2594 2584 dixit
2622 2526 2706 2585 eis
2734 2527 2824 2588 ihs

2140 2619 2490 2696 principium
2518 2621 2680 2696 quod

2139 2722 2200 2771 et
2226 2712 2435 2789 loquor
2461 2715 2634 2774 uobis
2664 2745 2679 2760 ·

2137 2802 2182 2839 ²⁸
2199 2807 2382 2868 multa
2409 2806 2606 2867 habeo
2635 2808 2708 2868 de
2737 2826 2818 2868 uo

2137 2900 2229 2959 bis
2256 2899 2420 2980 loqui
2449 2910 2506 2960 et
2534 2902 2790 2966 iudicare
2810 2933 2826 2950 ·

2140 2993 2258 3054 Sed
2285 2995 2386 3071 qui
2412 3013 2509 3054 me
2537 2997 2696 3057 misit
2721 3015 2797 3056 ue

2137 3106 2242 3146 rax
2270 3098 2360 3148 est
2380 3121 2394 3136 ·
2455 3088 2534 3149 Et
2561 3109 2678 3168 ego

2137 3200 2287 3259 quae
2317 3184 2514 3244 audiui
2541 3186 2618 3244 ab
2646 3203 2721 3244 eo

2136 3276 2248 3336 hec
2277 3277 2484 3354 loquor
2510 3280 2573 3337 in
2601 3278 2762 3340 hunc

2137 3371 2426 3431 mundum
2450 3403 2464 3418 ·
2508 3371 2552 3406 ²⁷
2571 3373 2713 3433 Non

2138 3477 2556 3543 cognouerunt
2583 3468 2721 3546 quia

2140 3560 2216 3620 de
2245 3571 2410 3638 patre
2437 3562 2521 3622 eis
2549 3562 2681 3621 dice

2139 3655 2243 3714 bat
2264 3685 2279 3701 ·
2337 3653 2382 3688 ²⁸
2397 3654 2560 3714 Dixit
2587 3673 2732 3732 ergo

2138 3749 2225 3807 eis
2252 3747 2342 3809 ihs
2425 3766 2562 3808 cum
2590 3749 2787 3807 exalta

2138 3842 2334 3901 ueritis
2363 3842 2546 3900 filium
2575 3842 2656 3901 ho

2139 3937 2316 3995 minis
2334 3967 2348 3982 ·
2407 3946 2545 3995 tunc
2574 3955 2690 4013 cog

2140 4031 2398 4090 noscetis
2480 4032 2617 4108 quia
2645 4049 2761 4107 ego

2141 4144 2272 4184 sum
2354 4134 2411 4186 et
2440 4143 2476 4184 a
2503 4143 2599 4184 me
2627 4126 2758 4203 ipso

2141 4219 2296 4283 facio
2325 4220 2469 4282 nihil
2534 4219 2651 4280 Sed

3517 350 3602 425 53

2142 500 2482 571 ”Dicebant
2498 526 2642 586 ergo
2658 509 2850 568 iudaei
2900 508 3048 568 sicut
3076 507 3276 569 docuit
3302 528 3398 570 me
3425 528 3506 587 pa

2899 612 2987 663 ter
3014 621 3183 663 meus
3209 604 3356 663 haec
3386 604 3446 663 lo

2900 714 3052 773 quor
3070 727 3087 743 ·
3145 694 3188 728 ²⁹
3207 706 3266 757 et
3294 698 3394 774 qui
3423 717 3521 758 me

2899 790 3056 849 misit
3083 809 3318 849 mecum
3345 801 3474 851 est·

2901 901 3025 943 non
3054 885 3321 962 relinquit
3349 904 3445 944 me

2901 978 3092 1038 solum
3119 988 3285 1056 pater
3303 1010 3317 1026 ·
3383 981 3522 1057 quia

2901 1090 3018 1149 ego
3045 1090 3197 1147 quae
3227 1073 3446 1149 placita

2901 1175 3037 1225 sunt
3063 1165 3145 1225 illi
3173 1165 3326 1226 facio
3356 1184 3482 1227 sem

2899 1278 3005 1337 per
3024 1290 3039 1306 ·
3073 1260 3119 1293 ⁸⁰
3138 1260 3310 1320 Haec
3341 1261 3442 1319 illo

2897 1353 3177 1431 loquente
3247 1355 3415 1415 multi

2899 1447 3270 1509 crediderunt
3297 1450 3359 1507 in

2900 1560 3071 1601 eum·
3132 1540 3176 1575 ³¹
3195 1542 3429 1601 dicebat

2899 1653 3043 1711 ergo
3072 1635 3161 1693 ihs
3189 1635 3266 1694 ad
3295 1653 3400 1695 eos
3422 1666 3437 1682 ·

2901 1730 2998 1805 qui
3027 1729 3402 1790 crediderunt

2900 1824 2954 1881 ei
2983 1823 3206 1886 iudaeis
3230 1854 3245 1869 ·
3307 1825 3355 1883 si
3382 1842 3494 1885 uos

2900 1917 3226 1977 manseritis
3254 1919 3317 1976 in
3345 1937 3449 1977 uer

2899 2012 2978 2071 bo
3007 2030 3142 2072 meo
3222 2030 3359 2073 uere
3390 2012 3480 2073 dis

2897 2107 3075 2184 cipuli
3103 2107 3219 2165 mei
3245 2108 3384 2167 estis
3405 2138 3420 2153 ·

2897 2198 2943 2232 ⁸²
2958 2210 3016 2260 et
3043 2202 3414 2278 cognoscetis
3439 2219 3515 2262 ue

2898 2294 3128 2353 ritatem
3149 2326 3164 2341 ·
3230 2306 3288 2357 et
3315 2296 3440 2357 ueri

2896 2437 2990 2488 tas
3017 2428 3282 2488 liberabit
3311 2446 3423 2488 uos

2895 2522 2940 2556 ⁸³
2959 2521 3416 2599 Responderunt
3443 2523 3520 2584 ad

2897 2635 3035 2676 eum
3107 2616 3322 2676 Semen
3349 2619 3492 2676 abra

2897 2709 3008 2769 hae
3043 2729 3243 2769 sumus
3313 2719 3372 2772 et
3399 2711 3559 2770 nemi

2896 2823 3034 2864 nem
3061 2805 3409 2865 seruiuimus

2895 2917 3179 2976 umquam
3263 2917 3486 2976 quomo

2896 2992 2976 3052 do
2995 3002 3058 3052 tu
3087 2993 3232 3052 dicis
3261 2998 3405 3069 qfim
3433 2993 3550 3052 libe

2893 3086 2940 3143 ri
2969 3087 3126 3146 eritis
3148 3118 3162 3133 ·
3222 3087 3266 3120 ³⁴
3284 3087 3530 3163 Respon

2896 3179 2981 3240 dit
3006 3181 3118 3240 illis
3145 3180 3236 3240 ihs
3259 3211 3274 3227 ·
3335 3181 3531 3239 Arnen

2894 3293 3068 3333 amen
3097 3276 3231 3335 dico
3258 3275 3429 3334 uobis
3453 3307 3468 3322 ·

2895 3369 3032 3445 quia
3057 3370 3252 3431 omnis
3280 3370 3379 3446 qui
3410 3368 3469 3428 fa

2892 3464 2972 3521 cit
3001 3473 3310 3540 peccatum
3341 3481 3436 3522 ser

2892 3574 3002 3616 uus
3032 3564 3120 3617 est
3140 3557 3370 3633 peccati
3393 3587 3408 3602 ·
3451 3556 3600 3617 ⁸⁶ser

2851 3667 2963 3708 UUS
2993 3660 3190 3712 autem
3219 3669 3340 3710 non
3369 3669 3469 3708 ma

2892 3755 2994 3803 net
3021 3745 3082 3803 in
3112 3745 3293 3804 domo
3322 3746 3384 3803 in
3412 3759 3573 3805 aeter

2892 3856 3036 3896 num
3097 3839 3248 3897 filius
3276 3850 3476 3899 manet

2892 3932 2954 3990 in
2984 3943 3287 3992 aeternum
3307 3964 3320 3978 ·
3364 3933 3409 3966 ³⁸
3428 3932 3488 3991 Si
3517 3934 3597 3992 fili

2891 4044 2962 4086 us
2991 4046 3101 4086 uos
3127 4028 3454 4087 liberauerit

2892 4140 3030 4180 uere
3059 4122 3226 4181 liberi
3255 4123 3410 4182 eritis
3429 4153 3443 4169 ·

2891 4216 2938 4249 ³⁷
2956 4217 3092 4277 Scio
3120 4217 3256 4294 quia
3283 4234 3487 4276 semen

3629 504 3754 563 noi.
3773 512 3904 561 226.
