4373 5048
1617 398 2077 460 EDJTORJS
2113 399 2483 461 NOTULA
2494 398 2573 463 E.
3319 414 3343 459 1
3356 410 3439 477 47

738 570 862 626 Fol.
887 569 1010 624 224.
1059 570 1145 637 38.
1182 568 1458 640 scriptura
1496 572 1562 625 in
1598 586 1712 625 ras.
1753 571 2028 641 scr-:ptum
2063 575 2162 639 est,
2200 570 2305 625 sed
2342 588 2381 624 a
2428 573 2577 641 ηιμ
2666 582 2753 639 39.
2804 568 2902 624 Ho
2948 577 3137 625 autem
3182 583 3261 625 m.
3285 569 3371 638 μ,
3410 584 3447 621 c

877 656 1152 723 superscr.
1177 669 1320 707 corr.
1345 655 1494 722 ηιμ

738 750 862 803 Fol.
885 749 994 803 224
1010 748 1067 805 b.
1114 748 1204 815 48.
1239 748 1562 819 prncipibus
1588 753 1748 819 ηιμ,
1776 748 1793 803 i
1817 754 2090 821 superscr.
2115 766 2260 804 carr.
2285 753 2433 820 ηιμ

734 849 783 903 F
787 848 860 903 01.
885 849 1008 904 225.
1057 848 1109 903 8.
1139 860 1220 918 15.
1255 865 1369 903 non
1392 866 1617 903 erasum
1640 856 1738 903 est.

736 950 858 1005 Fol.
882 949 989 1003 225
1006 950 1062 1005 b.
1115 949 1200 1003 18.
1235 949 1503 1020 perhibeo
1536 948 1608 1004 de
1638 951 1704 1003 in
1735 965 1850 1004 ras.
1885 950 2162 1020 scr-:ptum
2196 955 2293 1020 est,
2317 950 2422 1004 sed
2440 968 2479 1004 a
2503 952 2651 1021 ηιμ
2730 962 2811 1018 19.
2846 945 3252 1021 responpondit
3276 951 3446 1019 ηιμ,

877 1032 1181 1087 secundum
1206 1049 1320 1102 pon
1333 1033 1688 1102 perlineauit
1707 1038 1764 1086 et
1785 1036 2067 1102 expunxit
2084 1050 2227 1089 corr.
2255 1036 2398 1104 ηιμ

879 1129 967 1168 20.
992 1114 1138 1169 ueba
1161 1117 1323 1185 ηιμ,
1348 1132 1377 1169 1·
1400 1119 1673 1186 superscr.
1697 1132 1840 1169 corr.
1866 1118 2009 1186 ηιμ
2082 1117 2303 1171 locutus
2326 1126 2412 1171 est
2434 1132 2509 1171 ex
2526 1116 2767 1171 locutust
2790 1115 3038 1170 correxit
3057 1115 3207 1184 ηιμ

739 1216 784 1268 F
789 1214 859 1268 01.
886 1214 992 1269 226
1009 1214 1065 1269 b.
1114 1226 1200 1283 35.
1250 1232 1405 1271 serus
1431 1218 1596 1285 ηιμ,
1621 1214 1848 1270 addidit
1868 1233 1906 1269 u
1927 1217 1993 1269 in
2017 1218 2287 1287 margine·
2302 1222 2433 1270 ante
2456 1233 2523 1270 us
2546 1232 2691 1271 corr.
2716 1218 2861 1286 ηιμ

739 1314 860 1368 Fol.
886 1312 1008 1368 227.
1059 1326 1144 1381 37.
1171 1314 1258 1383 38.
1293 1331 1442 1369 serm
1470 1353 1483 1368 .
1511 1354 1524 1368 .
1552 1354 1566 1368 .
1592 1313 1708 1385 qud
1733 1318 1898 1385 ηιμ,
1923 1331 1958 1369 o
1985 1354 2000 1369 .
2027 1355 2040 1369 .
2067 1355 2081 1369 .
2106 1333 2142 1371 0
2165 1319 2439 1386 superse-r.
2464 1332 2608 1370 corr.
2634 1319 2786 1386 ηιμ

739 1414 858 1468 Fol.
885 1414 991 1467 227
1003 1415 1060 1468 b.
1107 1428 1194 1482 43.
1217 1426 1306 1480 47.
1342 1414 1691 1469 uerbumeu-
1748 1453 1762 1468 .
1789 1453 1802 1468 .
1830 1453 1843 1467 .
1869 1424 2121 1485 prpterffl
2144 1420 2307 1486 ηιμ,
2333 1434 2390 1470 111
2418 1455 2431 1470 .
2458 1456 2473 1471 .
2500 1455 2514 1470 .
2538 1433 2574 1470 ο
2596 1418 2869 1487 superscr.
2892 1430 3039 1470 corr.
3061 1417 3213 1485 ηιμ

739 1515 859 1568 Fol.
885 1512 1008 1567 228.
1059 1524 1142 1583 52.
1180 1512 1391 1584 prfetae
1416 1552 1430 1567 .
1458 1554 1470 1567 .
1498 1554 1512 1567 .
1537 1531 1615 1569 nn
1639 1517 1787 1586 ηιμ
1812 1531 1849 1569 0
1874 1554 1887 1568 .
1915 1554 1928 1569 .
1955 1554 1970 1569 .
1995 1531 2030 1568 o
2055 1519 2329 1586 superscr.
2353 1533 2497 1571 corr.
2522 1533 2596 1569 m.
2603 1518 2670 1587 μ

737 1618 786 1672 F
788 1620 858 1673 01.
885 1617 990 1673 228
1007 1619 1063 1673 b.
1117 1630 1199 1687 59.
1235 1636 1302 1689 pr
1326 1620 1486 1688 ηιμ,
1511 1633 1543 1672 e
1565 1621 1841 1688 superscr.
1866 1608 2016 1673 corr.
2035 1623 2180 1691 ηιμ
2258 1620 2374 1675 ibat
2398 1620 2480 1676 sic
2502 1638 2577 1676 ex
2597 1619 2739 1676 ibsic
2762 1620 3008 1675 correxit
3029 1620 3171 1689 ηιμ

879 1700 932 1755 9.
959 1715 1008 1769 3.
1046 1718 1214 1771 opera
1250 1702 1314 1754 in
1336 1718 1452 1755 ras.
1477 1700 1535 1757 in
1569 1700 1636 1755 ἱὲ1
1671 1703 1947 1772 εσνῂύίηηι
1982 1708 2080 1771 est,
2117 1704 2221 1758 sed
2248 1722 2286 1757 a
2322 1721 2395 1757 m.
2400 1707 2466 1774 μ
2538 1705 2611 1758 In
2648 1705 2767 1758 ima
2792 1704 3019 1775 pagina
3053 1700 3282 1771 smpsit
3314 1714 3389 1753 m.
3410 1712 3443 1753 2

878 1794 1006 1856 post
1028 1784 1368 1839 mediantem
1391 1794 1717 1855 pentecuste
1742 1786 1995 1856 sequenti
2021 1786 2327 1842 domeneca
2351 1788 2513 1843 lectio
2548 1786 2821 1859 euangelii
2856 1784 3160 1843 secondum
3197 1783 3443 1843 iuhanne

880 1868 953 1922 de
976 1884 1126 1923 cec0.

741 1968 788 2022 F
791 1968 862 2023 ol.
885 1967 1008 2022 229.
1063 1983 1144 2022 12.
1181 1966 1269 2023 ine
1292 1984 1366 2021 ex
1385 1966 1461 2022 illi
1485 1969 1733 2022 correxit
1754 1972 1897 2039 ηιμ

741 2070 786 2122 F
789 2070 858 2123 ol.
884 2068 990 2122 229
1007 2070 1062 2125 b.
1119 2069 1198 2123 16.
1232 2086 1264 2123 r
1284 2069 1351 2122 in
1372 2067 1590 2123 fariseis
1613 2069 1678 2122 in
1700 2085 1816 2123 ras.
1837 2086 1866 2125 s
1888 2070 2100 2140 smspta
2123 2075 2223 2138 est,
2245 2071 2401 2125 seda
2424 2074 2572 2142 ηιμ

739 2168 859 2225 Fol.
885 2168 1006 2223 230.
1055 2182 1140 2223 22.
1177 2168 1413 2223 dxenmt
1439 2207 1453 2221 .
1479 2206 1493 2221 .
1521 2207 1535 2221 .
1561 2166 1797 2224 timebnt
1823 2172 1985 2239 ηιμ,
2012 2169 2028 2223 i
2057 2210 2070 2224 .
2099 2210 2112 2224 .
2139 2210 2153 2224 .
2177 2188 2215 2226 a
2238 2175 2512 2242 super-scr.
2536 2188 2680 2228 corr.
2706 2174 2854 2242 ηιμ

881 2264 968 2318 24.
1003 2251 1078 2307 da
1100 2253 1166 2305 in
1188 2266 1399 2305 rasura
1420 2252 1695 2321 scnptum
1717 2258 1814 2320 est,
1839 2253 1943 2307 sed
1957 2270 1996 2305 a
2020 2256 2166 2324 ηιμ

741 2353 788 2406 F
790 2353 860 2407 ol.
885 2352 990 2407 230
1007 2351 1062 2407 b.
1112 2363 1197 2419 27.
1224 2366 1309 2420 29.
1343 2350 1561 2407 audstis
1587 2390 1602 2406 .
1628 2392 1642 2405 .
1669 2391 1682 2405 .
1709 2352 1994 2409 noscimus
2018 2357 2180 2424 ηιμ,
2207 2354 2225 2409 i
2252 2394 2266 2409 .
2294 2395 2307 2409 .
2335 2394 2350 2409 .
2376 2372 2405 2411 s
2427 2358 2702 2426 superscr.
2726 2371 2869 2409 corr.
2894 2356 3045 2423 ηιμ

882 2450 968 2503 30.
1003 2434 1332 2491 nesnescitis
1356 2438 1502 2505 ηιμ
1529 2436 1758 2490 incun‘a
1773 2454 1796 2491 .·
1829 2438 2011 2491 erasit
2017 2440 2283 2508 primum
2306 2456 2409 2495 nes
2432 2444 2722 2494 corrector.

883 2533 970 2588 34.
1003 2537 1132 2574 eum
1154 2520 1220 2574 in
1243 2536 1359 2573 ras.
1383 2536 1488 2574 nos
1510 2520 1784 2590 scnjbtum
1809 2526 1904 2590 est,
1929 2520 2033 2576 sed
2047 2540 2085 2575 a
2107 2539 2182 2576 m.
2186 2524 2254 2592 μ

743 2620 862 2676 Fol.
887 2619 1010 2674 231.
1061 2619 1146 2687 38.
1179 2620 1337 2674 Ante
1357 2619 1614 2674 adorauit
1642 2620 1873 2691 sempsit
1904 2637 1978 2676 m.
2006 2636 2038 2675 2
2074 2621 2392 2692 procedent,
2417 2629 2475 2676 et
2491 2626 2632 2694 post
2662 2638 2791 2678 eum
2826 2618 3015 2676 eadem
3050 2633 3259 2674 manus
3292 2615 3445 2670 finet.

884 2714 970 2771 39.
1007 2703 1042 2759 ·1·
1065 2708 1198 2756 ante
1221 2704 1297 2757 Et
1321 2719 1498 2756 manu
1523 2716 1575 2768 2,
1599 2702 1835 2757 t'm'tium
1860 2703 2128 2774 lectionis,
2154 2711 2225 2758 ut
2244 2705 2438 2776 adtur,
2464 2711 2640 2760 notat.

742 2800 789 2854 F
792 2798 866 2853 ol.
891 2797 990 2852 231
1020 2799 1075 2852 b.
1105 2810 1148 2867 5.
1176 2808 1526 2866 nagnoscunt
1551 2815 1625 2852 m.
1638 2801 1722 2868 μ,
1748 2815 1822 2854 on
1856 2803 2131 2870 superscr.
2167 2817 2314 2856 corr.
2350 2817 2425 2856 m.
2448 2805 2517 2873 μ
2585 2802 2729 2858 Post
2758 2799 2909 2856 hanc
2926 2800 3213 2872 paginam
3247 2793 3449 2850 amisit

889 2881 1075 2936 Codex
1093 2884 1162 2934 ut
1183 2880 1416 2934 uidetur
1437 2897 1638 2935 nouem
1662 2887 1768 2935 aut
1788 2881 1967 2936 decem
1977 2883 2152 2954 folia.

744 2977 867 3032 Fol.
892 2977 1017 3032 232.
1058 2977 1141 3031 12.
1162 2990 1246 3042 4ο.
1288 2975 1582 3046 intellegnt
1607 2980 1768 3047 ηιμ,
1794 2994 1831 3032 a
1851 2982 2130 3049 superscr.
2153 2996 2299 3034 corr.
2324 2984 2472 3052 ηιμ

743 3078 867 3132 Fol.
892 3077 1016 3132 232.
1051 3078 1107 3131 b.
1131 3089 1218 3145 49.
1248 3088 1330 3146 50.
1364 3084 1508 3146 patr.
1534 3116 1549 3130 .
1579 3115 1592 3130 .
1623 3116 1638 3130 .
1661 3078 1824 3149 loqur
1847 3082 2012 3150 ηιμ,
2039 3095 2072 3135 e
2098 3119 2113 3133 .
2139 3120 2152 3135 .
2180 3119 2194 3133 .
2222 3096 2257 3134 o
2282 3083 2555 3151 super-scr.
2581 3097 2723 3136 corr.
2750 3083 2897 3152 ηιμ

743 3178 866 3234 Fol.
892 3155 1022 3232 233.
1065 3190 1149 3246 13.
1175 3191 1226 3246 3.
1253 3189 1302 3246 5.
1326 3185 1448 3246 pter
1472 3214 1486 3231 .
1515 3217 1528 3230 .
1555 3217 1568 3230 .
1593 3177 1912 3249 misaquam
1936 3182 2109 3249 ηιμ,
2134 3196 2171 3234 a
2197 3219 2211 3234 .
2237 3218 2252 3233 .
2279 3219 2293 3236 .
2320 3179 2361 3235 it
2385 3184 2657 3251 superscr.
2681 3197 2825 3236 corr.
2851 3182 3005 3250 ηιμ

743 3276 790 3329 F
792 3275 864 3330 ol.
902 3272 1008 3328 233
1042 3273 1097 3328 b.
1153 3287 1233 3326 12.
1269 3289 1402 3342 ergo
1441 3272 1616 3328 uisset
1658 3290 1734 3328 m.
1765 3278 1851 3345 μ,
1889 3275 1945 3329 la
1980 3278 2257 3345 superscr.
2298 3291 2443 3331 corr.
2479 3293 2555 3331 m.
2586 3280 2653 3346 μ
2742 3273 3183 3332 uesuestimenta
3218 3270 3452 3341 scr-:josa

871 3357 1084 3428 primo,
1121 3356 1365 3423 t'ncun‘a,
1404 3372 1478 3410 m.
1505 3359 1590 3426 μ,
1631 3357 1832 3412 deinde
1858 3359 2125 3427 primum
2168 3376 2271 3414 ues
2297 3359 2651 3430 perlineauit
2685 3365 2743 3414 et
2776 3359 3059 3430 expunxit
3096 3373 3239 3412 corr.
3275 3371 3351 3434 ηι
3379 3355 3445 3424 μ

888 3454 970 3509 13.
1007 3448 1065 3494 et
1090 3439 1289 3509 prim
1327 3438 1458 3506 10⁶0,
1497 3455 1571 3492 82·
1605 3457 1668 3495 er
1709 3443 1955 3495 correxit
1983 3457 2059 3495 m.
2083 3445 2150 3512 μ
2230 3456 2311 3510 17.
2347 3452 2370 3499 t
2402 3444 2467 3498 in
2501 3441 2744 3500 feceritis
2773 3444 2842 3497 in
2875 3459 2991 3498 ras.
3027 3441 3068 3497 d
3100 3440 3315 3510 ,empta
3347 3440 3446 3492 est.

889 3523 971 3578 18.
1008 3538 1113 3595 qus
1137 3525 1309 3592 ηιμ,
1334 3538 1369 3576 o
1392 3526 1664 3593 superscr.
1689 3539 1832 3578 corr.
1858 3527 2012 3594 ηιμ
2638 3523 2658 3541 ’

743 3620 862 3675 Fol.
891 3619 1016 3673 234.
1063 3632 1149 3673 20.
1185 3627 1443 3687 accepert
1467 3635 1539 3671 ηι
1555 3622 1638 3688 μ,
1663 3618 1681 3673 i
1702 3623 1978 3690 superscr.
2002 3635 2146 3674 corr.
2171 3623 2326 3691 ηιμ

743 3721 790 3776 F
794 3722 864 3776 ol.
891 3719 997 3774 234
1020 3719 1075 3772 b.
1123 3732 1210 3786 29.
1247 3717 1454 3772 habebt
1487 3722 1657 3789 ηιμ,
1683 3737 1719 3774 a
1741 3723 2014 3790 superscr.
2041 3736 2184 3776 corr.
2210 3723 2365 3791 ηιμ
2457 3736 2544 3791 31.
2581 3736 2667 3793 32.
2703 3721 3067 3779 honrificatus
3093 3759 3107 3775 .
3134 3757 3149 3774 .
3176 3755 3193 3774 .
3215 3714 3451 3772 huorifi-

884 3801 1034 3858 cabit
1059 3804 1231 3871 ηιμ,
1255 3817 1290 3854 0
1316 3839 1330 3854 .
1357 3839 1371 3854 .
1399 3839 1412 3855 .
1436 3816 1472 3856 0
1496 3805 1769 3872 superscr.
1792 3820 1935 3859 corr.
1961 3807 2114 3875 ηιμ

742 3904 865 3960 Ῑ·“01.
883 3902 1008 3957 235.
1045 3915 1130 3970 34.
1145 3917 1212 3955 us
1230 3904 1383 3971 ηιμ,
1394 3918 1428 3955 o
1443 3904 1716 3972 superscr.
1725 3921 1867 3958 corr.
1883 3906 2020 3974 ηιμ
2076 3905 2156 3959 14.
2178 3918 2227 3959 2.
2254 3903 2416 3960 uobis
2440 3923 2454 3960 τ
2472 3907 2756 3976 punctum
2771 3909 2982 3978 supere
3000 3921 3030 3960 e
3042 3903 3211 3976 lapsu
3224 3901 3447 3972 apogr.

743 4005 864 4060 Fol.
887 4003 996 4058 235
1018 4001 1074 4056 b.
1101 4016 1151 4071 3.
1188 4001 1289 4055 sits
1315 4040 1328 4055 .
1357 4039 1370 4055 .
1399 4040 1413 4056 .
1437 4017 1512 4072 qu
1537 4006 1706 4073 ηιμ,
1733 4003 1750 4057 i
1779 4042 1792 4057 .
1820 4042 1833 4057 .
1861 4043 1875 4058 .
1899 4021 1934 4059 o
1955 4007 2231 4073 ,super-scr.
2254 4021 2398 4060 corr.
2427 4010 2581 4078 ηιμ

888 4100 972 4142 10.
1005 4093 1164 4157 patre
1186 4100 1261 4138 ex
1279 4095 1494 4154 patrem
1518 4088 1766 4140 correxit
1784 4103 1858 4140 m.
1871 4090 1938 4157 μ

741 4181 866 4240 Ἑοὶ.
889 4180 1014 4236 236.
1065 4193 1150 4239 12.
1172 4187 1362 4250 prpter
1384 4197 1458 4234 m.
1470 4184 1554 4251 μ,
1579 4199 1614 4237 o
1637 4185 1912 4252 superscr.
1934 4198 2078 4239 corr.
2103 4199 2177 4236 m.
2191 4186 2257 4253 μ

2846 4292 2887 4335 υ
2918 4293 2949 4333 2
