4373 5048
590 368 708 417 x11.
730 367 987 429 38-x111.
1010 364 1088 431 3.]

1872 352 2101 421 ῙΟΗΑ
2111 348 2323 423 NNE·
2333 397 2348 412 ·

2148 541 2274 591 tum
2300 541 2424 591 est·
2485 531 2530 567 ⁸⁹
2547 542 2780 610 propter

2148 643 2222 685 ea
2249 644 2371 685 non
2398 634 2670 703 poterant

2147 718 2381 779 credere
2405 750 2420 766 ·
2477 726 2623 797 qiim
2651 720 2726 780 ite

2146 832 2280 873 rum
2307 813 2452 873 dixit
2477 814 2662 874 esaias
2683 845 2696 861 ·

2148 906 2196 941 ⁴⁰
2213 906 2556 979 ,Excecauit
2583 908 2786 968 oculos
2815 926 2848 967 e

2149 1046 2163 1071 ,
2186 1019 2358 1061 orum
2377 1033 2392 1049 ·
2456 1011 2514 1061 et
2542 1002 2751 1061 indura

2148 1140 2165 1166 ‚
2185 1096 2272 1154 uit
2300 1113 2404 1155 cor
2429 1113 2635 1155 eorum
2655 1126 2670 1143 ·
2727 1106 2792 1155 ut

2148 1232 2165 1260 ‚
2186 1206 2312 1248 non
2339 1189 2576 1249 uideant
2603 1188 2787 1249 oculis
2810 1221 2826 1235 ·

2148 1324 2163 1353 ,
2186 1292 2247 1342 et
2274 1283 2454 1343 corde
2481 1282 2810 1361 intellegssnt
2831 1315 2846 1330 ·

2147 1421 2163 1448 ,
2184 1386 2243 1436 et
2270 1386 2685 1437 conuertantur

2146 1515 2161 1541 ‚
2184 1481 2244 1529 et
2271 1488 2476 1531 sanem
2503 1471 2632 1531 illos
2650 1503 2663 1518 ·

2144 1563 2188 1597 ⁴¹
2208 1564 2377 1625 Haec
2405 1564 2551 1624 dixit
2577 1567 2763 1625 esaias
2783 1598 2796 1612 ·

2144 1659 2383 1737 quando
2409 1659 2554 1718 uidit
2586 1660 2686 1736 glo

2142 1754 2290 1812 riam
2317 1752 2443 1813 eius
2464 1782 2480 1801 ·
2544 1763 2602 1812 et
2629 1752 2766 1812 locu

2144 1856 2238 1906 tus
2257 1857 2347 1905 est
2367 1847 2438 1906 de
2459 1845 2560 1907 illo
2582 1878 2595 1893 ·
2618 1878 2633 1893 ·
2693 1848 2738 1881 ⁴¹
2755 1846 2846 1905 Ue

2143 1958 2275 2000 rum
2301 1951 2500 2000 tamen
2525 1950 2584 1999 et
2611 1941 2684 2000 de

2143 2035 2502 2112 principibus
2529 2033 2650 2093 mul

2143 2130 2185 2190 ti
2213 2128 2581 2189 crediderunt
2607 2130 2668 2187 in

2142 2241 2278 2282 eum
2298 2254 2313 2269 ·
2376 2221 2493 2283 Sed
2520 2232 2760 2300 propter

2140 2317 2347 2375 iudeos
2375 2334 2498 2375 non
2525 2316 2742 2377 confite

2140 2449 2352 2507 bantur
2374 2479 2389 2495 ·
2441 2467 2514 2507 ne
2550 2448 2624 2507 de
2653 2467 2722 2526 sy

2139 2561 2378 2620 nagoga
2405 2542 2740 2620 expelleren

2140 2646 2232 2695 tur
2250 2668 2265 2683 ·
2329 2636 2373 2670 ⁴⁸
2389 2637 2755 2695 Amauerunt

2135 2731 2296 2789 enim
2324 2730 2610 2790 honorem

2136 2824 2442 2883 hominum
2463 2856 2478 2872 ·
2537 2825 2726 2901 magis

2135 2937 2316 2996 quam
2345 2918 2637 2978 honorem
2659 2917 2720 2978 di
2739 2949 2754 2964 ·

2132 3015 2177 3046 ⁴⁴
2197 3012 2298 3072 Ihs
2324 3023 2521 3072 autem
2544 3012 2834 3071 clamabat
2858 3009 2886 3042 *

2133 3117 2193 3167 et
2220 3107 2483 3167 dicebat·
2542 3107 2639 3184 qui
2668 3125 2764 3164 cre

3535 363 3616 427 61

2902 530 3044 591 Non
3075 532 3232 592 enim
3259 533 3396 593 ueni
3423 535 3484 593 iu

2899 626 3094 687 dicare
3119 627 3408 687 mundum

2900 720 3002 779 sed
3029 730 3092 779 ut
3121 722 3374 781 saluetur

2901 814 3154 874 mundus
3173 846 3188 861 ·
3247 815 3292 848 ⁴⁸
3308 818 3411 893 qui

2902 908 3124 984 spernit
3149 927 3246 969 me

2899 1010 2959 1060 et
2986 1020 3110 1060 non
3139 1004 3350 1081 accipit
3376 1022 3480 1063 uer

2899 1094 2979 1153 ba
3003 1114 3139 1155 mea
3207 1096 3383 1157 habet
3411 1099 3470 1156 iu

2899 1187 3194 1248 dicantem
3220 1189 3295 1250 de
3322 1209 3387 1250 se
3409 1222 3426 1237 ·

2898 1279 3164 1341 Uerbum
3192 1284 3354 1361 quod
3381 1283 3518 1345 locu

2899 1385 2992 1435 tus
3021 1393 3150 1435 sum
3180 1378 3354 1454 ipsud
3381 1379 3441 1437 iu

2901 1468 3118 1530 dicabit
3146 1470 3218 1530 de
3246 1471 3344 1531 illo
3371 1472 3432 1531 in
3461 1490 3544 1532 no

2899 1564 3139 1623 uissima
3168 1564 3262 1625 die
3285 1596 3301 1613 ·
3365 1566 3410 1601 ⁴⁹
3424 1574 3571 1644 qiim

2900 1675 3016 1734 ego
3043 1676 3166 1717 non
3193 1678 3267 1718 ex
3295 1678 3390 1719 me
3419 1660 3552 1737 ipso

2899 1750 3128 1811 locutus
3157 1770 3286 1811 sum
3311 1784 3326 1799 ·
3399 1752 3518 1813 Sed

2899 1845 3000 1922 qui
3027 1863 3124 1904 me
3151 1846 3309 1906 misit
3333 1856 3492 1924 pater,

2899 1939 3022 2016 ipse
3051 1938 3194 1997 mihi
3221 1940 3439 2000 manda

2898 2043 3022 2091 tum
3051 2032 3211 2093 dedit
3297 2034 3440 2111 quid

2899 2127 3090 2186 dicam
3119 2137 3178 2187 et
3204 2128 3344 2206 quid
3371 2129 3432 2187 lo

2899 2238 3046 2297 quar
3065 2252 3079 2267 ·
3130 2220 3271 2281 ⁵⁰Et
3300 2222 3426 2282 scio
3454 2228 3599 2301 qfim

2897 2314 3239 2375 mandatum
3265 2316 3392 2375 eius

2897 2447 3016 2505 uita
3042 2456 3281 2507 aeterna
3310 2458 3400 2509 est
3417 2478 3432 2494 ·

2896 2559 3047 2618 quae
3064 2560 3208 2619 ergo
3227 2560 3341 2619 ego
3361 2542 3563 2621 loquor
3582 2575 3598 2592 ·

2895 2635 3043 2695 sicut
3069 2637 3215 2695 dixit
3245 2636 3390 2694 mihi
3417 2655 3496 2714 pa

2896 2740 2982 2789 ter
3011 2731 3094 2789 sic
3122 2729 3332 2807 loquor
3348 2762 3432 2774 —

2857 2822 2982 2882 *la
3012 2822 3190 2883 ¹Ante
3219 2823 3374 2883 diem
3399 2833 3596 2885 autem

2861 2916 2892 2948 ,α

2897 2917 3240 2978 sollemnem
3271 2907 3448 2995 pasce
3470 2952 3486 2966 ·

2893 3011 3083 3071 sciens
3109 3011 3200 3070 ihs
3227 3013 3392 3089 quod

2891 3107 3054 3165 uenit
3079 3106 3224 3165 hora
3255 3107 3404 3166 illius

2136 3203 2222 3262 dit
2240 3201 2300 3260 in
2327 3219 2422 3259 me
2441 3233 2456 3248 ·
2515 3219 2638 3260 non
2661 3201 2720 3258 in
2743 3217 2838 3260 me
2887 3209 2952 3258 ut
2981 3200 3248 3259 transiret
3276 3200 3352 3259 de
3379 3202 3430 3260 is

2137 3296 2320 3356 credit
2346 3295 2448 3354 sed
2477 3295 2536 3353 in
2565 3313 2701 3354 eum

2886 3303 2949 3353 to
2977 3294 3204 3354 mundo
3229 3294 3307 3354 ad
3334 3300 3497 3372 patre
3521 3327 3536 3342 ·

2138 3390 2238 3467 qui
2257 3406 2352 3447 me
2369 3389 2525 3446 misit
2543 3421 2558 3434 ·
2587 3387 2719 3445 “Et
2741 3389 2839 3465 qui
2888 3387 3154 3464 Diligens
3184 3406 3320 3448 suos
3350 3389 3449 3465 qui
3478 3390 3536 3448 in

2137 3501 2232 3540 me
2260 3483 2404 3540 uidit
2482 3481 2632 3540 uidit
2656 3499 2792 3540 eum
2887 3481 3004 3541 hoc
3032 3481 3255 3540 mundo
3284 3491 3450 3540 erant
3472 3514 3486 3529 ·

2137 3577 2239 3654 qui
2259 3595 2356 3635 me
2375 3576 2530 3634 misit
2553 3608 2566 3623 ·
2588 3607 2601 3622 ·
2624 3608 2636 3621 ·
2661 3574 2839 3651 ⁴⁶Ego
2885 3591 3074 3650 usque
3101 3575 3160 3632 in
3187 3574 3367 3634 finem
3395 3574 3454 3633 di

2134 3671 2233 3729 lux
2263 3671 2323 3728 in
2351 3670 2636 3728 mundum
2665 3670 2800 3727 ueni
2822 3700 2835 3715 ·
2887 3667 3028 3726 lexit
3057 3667 3184 3727 illos
3208 3700 3223 3715 ·
3293 3665 3411 3727 'Et
3444 3687 3593 3729 cena

2134 3774 2199 3823 ut
2227 3764 2421 3822 omnis
2448 3763 2548 3839 qui
2576 3762 2755 3821 credit

2134 3859 2196 3916 in
2223 3876 2318 3916 me
2347 3859 2409 3914 in
2435 3856 2686 3916 tenebris

2885 3760 3041 3820 facta
3069 3779 3204 3821 cum
3233 3761 3499 3822 diabolus

2887 3854 3006 3913 iam
3036 3855 3271 3914 msisset
3296 3855 3359 3913 in
3389 3873 3497 3915 cor

2133 3969 2259 4011 non
2288 3959 2520 4009 maneat
2539 3981 2554 3996 ·
2620 3949 2666 3982 ⁴⁷
2681 3948 2757 4008 Et
2785 3950 2834 4008 si
2884 3948 2960 4008 de
2987 3948 3156 4007 iudae
3183 3949 3424 4008 simonis

2131 4045 2262 4122 quis
2289 4043 2528 4103 audierit
2552 4043 2732 4101 uerba

2131 4157 2264 4197 mea
2292 4148 2351 4197 et
2379 4155 2501 4196 non
2529 4135 2761 4196 credide

2885 4041 3172 4101 scariothe
3200 4052 3266 4100 ut
3292 4059 3430 4100 eum

2880 4136 3130 4195 traderet
3150 4167 3165 4182 ·
3223 4135 3244 4168 ³
3265 4135 3470 4195 Sciens

2130 4233 2228 4290 rit·
2251 4250 2366 4309 ego
2385 4249 2508 4290 non
2527 4231 2722 4290 iudico
2733 4229 2832 4289 illu
2882 4230 2973 4289 ihs
3002 4229 3138 4308 quia
3165 4229 3365 4291 omnia
3393 4229 3552 4290 dedit

3625 541 3750 591 1¹01.
3771 541 3902 591 882.
