4373 5048
597 364 690 418 111.
717 361 906 428 3-3³·]

277 541 406 591 rol.
427 541 554 591 leo.
594 544 766 606 surge
795 528 853 587 in
881 528 1078 587 mediii
1098 558 1113 574 ·

593 620 616 653 ⁴
633 630 692 680 et
721 621 866 682 dixit
895 622 973 681 ad
999 620 1130 681 illos
1152 653 1166 669 ·

591 714 726 775 licet
753 716 1010 775 sabbatis

591 808 933 871 benefacere
951 819 1051 869 aut

592 900 748 963 male
770 933 786 949 ·
844 902 1125 962 Animam

589 996 814 1056 saluare
841 1006 942 1057 aut
967 1016 1072 1073 per

591 1089 732 1150 dere
750 1121 766 1137 ·
826 1090 906 1150 At
935 1091 1012 1151 illi
1041 1091 1164 1152 t¹³*cu

515 1178 522 1183 ’
589 1194 796 1244 erunt·
839 1185 934 1245 ‘et
960 1186 1118 1247 circfi

587 1279 840 1355 spiciens
867 1297 972 1339 eos
1000 1286 1076 1339 cil

583 1371 983 1448 indignatione
1005 1404 1020 1419 ·

585 1467 956 1526 contristatus
983 1486 1054 1527 su

583 1578 690 1637 per
717 1561 1020 1621 cecitatem

583 1654 778 1713 cordis
806 1672 1009 1714 eorum
1029 1686 1043 1701 ·

583 1745 728 1807 dixit
757 1746 980 1807 homini
1065 1748 1159 1809 Ex

579 1840 759 1901 tende
785 1859 1029 1902 manum
1055 1853 1118 1903 tu

581 1952 680 1993 am
737 1944 798 1995 et
820 1937 1082 2013 extendit

579 2036 640 2088 et
664 2029 924 2089 restituta
949 2040 1039 2089 est

578 2139 788 2183 manus
815 2123 940 2183 eius
959 2155 975 2171 ·

579 2214 900 2277 ‘Exierunt
927 2228 1121 2279 autem

578 2307 802 2369 farisaei
829 2329 964 2371 cum
991 2313 1066 2375 he

578 2403 836 2465 rodianis
854 2436 869 2452 ·
932 2416 991 2466 et
1017 2425 1135 2468 con

577 2535 767 2596 silium
795 2536 1054 2600 iniebant

578 2629 858 2691 aduersus
879 2650 1016 2692 eum

575 2734 638 2784 ut
664 2724 827 2784 illum
855 2726 1033 2802 perde

577 2828 706 2877 rent
729 2849 744 2864 ·
788 2819 811 2853 '¹
827 2819 916 2879 ihs
943 2839 1086 2880 uero

577 2913 814 2972 secessit
836 2931 973 2974 cum
1002 2915 1091 2975 dis

577 3006 782 3083 cipulis
811 3009 932 3068 suis
959 3009 1036 3068 ad

576 3116 738 3160 mare
760 3131 776 3148 ·
857 3101 938 3162 Et
963 3102 1084 3162 mul

575 3201 636 3252 ta
661 3194 830 3254 turba
858 3213 895 3254 a
921 3196 1094 3257 iudea

575 3295 634 3346 et
665 3287 876 3364 galilea
953 3285 976 3323 ⁸
991 3290 1070 3350 Et
1096 3293 1174 3352 ab

572 3379 978 3458 hierosolymis
995 3415 1010 3430 ·

571 3485 630 3534 et
658 3475 734 3535 ab
753 3476 990 3537 idumea
1011 3508 1026 3524 ·

573 3577 631 3628 et
657 3577 818 3630 trans
847 3570 1014 3629 iorda

573 3680 690 3721 nen
770 3664 849 3723 Et
878 3664 1032 3724 circa
1059 3673 1122 3742 ty

571 3773 700 3816 rum
720 3789 733 3804 ·
763 3767 822 3818 et
849 3757 1038 3817 sidem

571 3850 879 3912 multitudo
906 3870 1048 3930 mag

571 3962 652 4003 na
678 3975 693 3991 ·
733 3945 1054 4006 Audientes

568 4049 787 4115 quanta
812 4039 1062 4102 faciebat

570 4143 856 4212 uenerunt
885 4134 962 4198 ad
989 4145 1114 4194 eu-

566 4228 588 4261 ⁹
604 4227 682 4288 Et
709 4227 851 4288 dixit
877 4229 1104 4307 discipu

567 4321 726 4381 lisuis
783 4333 848 4382 ut
876 4324 1012 4383 naui

571 4415 700 4476 cula
725 4417 1038 4478 deseruiret
1066 4418 1178 4478 sibi

1979 355 2251 418 MARC
2274 384 2289 401 ·

1350 536 1588 605 propter
1617 530 1786 589 turba

1347 638 1424 680 ne
1451 640 1588 681 cum
1617 622 1822 701 conpri

1347 726 1574 776 merent
1593 748 1607 763 ·
1651 714 1698 751 ¹⁰
1713 716 1834 775 mul

1346 816 1438 868 tos
1466 810 1624 869 enim
1653 811 1890 871 curabat

1345 900 1438 961 Ita
1465 912 1530 963 ut
1556 903 1851 963 inruerent

1341 996 1402 1053 in
1429 1013 1566 1055 eum
1623 1008 1686 1057 ut
1715 997 1875 1057 illum
1973 992 1994 1011 ⁸

1341 1098 1647 1167 tangerent
1709 1092 1811 1167 qui

1342 1200 1594 1261 cumque
1623 1184 1774 1244 habe

1341 1277 1483 1336 bant
1511 1277 1714 1355 plagas
1737 1311 1752 1325 ·
1818 1278 1860 1312 ¹¹
1881 1279 1996 1340 Sed

1338 1381 1398 1429 et
1425 1375 1525 1446 sps
1552 1372 1820 1432 inmundi

1336 1482 1472 1523 cum
1499 1465 1658 1524 illum
1685 1468 1820 1527 uide

1337 1567 1466 1617 rent
1495 1560 1750 1635 procede

1336 1653 1478 1712 bant
1505 1654 1558 1712 ei
1581 1685 1595 1700 ·
1659 1654 1737 1713 Et
1764 1654 1954 1717 clama

1331 1745 1478 1807 bant
1505 1747 1762 1809 dicentes

1336 1841 1475 1916 quia
1503 1849 1566 1899 tu
1593 1859 1658 1901 es
1693 1842 1842 1903 filius

1333 1933 1395 1993 di
1417 1966 1432 1981 ·
1491 1931 1537 1967 ¹⁸
1551 1935 1630 1995 Et
1657 1936 1896 2013 increpa

1330 2027 1430 2087 bat
1455 2028 1582 2089 illos
1643 2048 1720 2089 ne
1749 2048 1886 2090 eum

1329 2122 1764 2184 manifestarent

1327 2218 1606 2293 quoniam
1635 2219 1894 2278 sciebant

1327 2328 1498 2369 eum·
1521 2343 1534 2356 ·
1577 2309 1968 2373 ¹⁸Ascendens

1327 2414 1522 2464 autem
1556 2407 1617 2464 in
1645 2413 1848 2467 monte

1325 2539 1561 2598 uocauit
1587 2539 1664 2598 ad
1691 2557 1756 2599 se

1328 2647 1480 2708 quos
1507 2633 1689 2692 uoluit
1717 2633 1841 2710 ipse
1866 2665 1880 2682 ·

1327 2735 1385 2783 et
1411 2736 1682 2786 uenerunt
1711 2727 1786 2786 ad
1815 2733 1890 2786 εὖ
1914 2759 1929 2775 ·

1328 2817 1372 2852 ¹⁴
1387 2818 1466 2878 Et
1494 2819 1630 2880 fecit
1654 2819 1909 2881 duodeci

1324 2920 1389 2969 ut
1415 2931 1618 2972 secum
1645 2925 1842 2974 essent
1864 2945 1880 2962 ·

1325 3015 1384 3065 et
1411 3015 1473 3064 ut
1499 3008 1753 3068 mitteret
1779 3027 1882 3070 eos

1323 3099 1624 3176 predicare
1649 3120 1804 3162 euan

1324 3194 1541 3270 gelium
1565 3227 1580 3243 ·
1623 3194 1670 3229 ²⁶
1684 3205 1744 3256 et
1770 3195 1920 3258 habe

1320 3306 1384 3348 re
1411 3299 1761 3366 potestatem

1319 3384 1563 3443 curandi
1589 3383 1826 3444 ualitudi

1321 3495 1427 3535 nes
1450 3507 1466 3524 ·
1525 3487 1584 3538 et
1611 3479 1852 3538 eiciendi

1321 3571 1598 3632 demonia
1621 3605 1634 3620 ·
1657 3605 1670 3619 ·
1693 3604 1706 3619 ·
1729 3607 1814 3616 ——

1319 3663 1362 3698 ¹⁶
1378 3665 1457 3725 Et
1483 3667 1740 3745 inposuit
1767 3670 1920 3730 simo

1317 3761 1377 3818 ni
1406 3777 1626 3820 nomen
1661 3767 1830 3838 petrt't

1317 3851 1438 3914 ¹⁷Et
1453 3855 1724 3915 iacobum
1743 3857 1978 3917 zebedei
1998 3889 2012 3904 ·

1312 3958 1372 4009 et
1399 3949 1717 4009 iohannem
1745 3950 1832 4012 fra

1311 4051 1462 4102 trem
1488 4043 1681 4103 iacobi
1700 4077 1784 4088 --

1315 4135 1719 4197 Communiter
1745 4157 1821 4198 au

1311 4240 1432 4290 tem
1458 4233 1691 4292 uocauit
1715 4251 1820 4293 eos

1318 4325 1645 4403 boanerges
1705 4329 1870 4404 quod

1312 4431 1402 4481 est
1427 4419 1507 4480 fili
1533 4423 1764 4482 tonitrui

2154 528 2198 563 ¹⁸
2215 528 2292 588 Et
2318 528 2599 588 andream
2623 558 2637 575 ·
2698 538 2759 587 et

2149 621 2397 701 fillipum
2420 653 2435 669 ·
2495 631 2554 691 et
2582 622 2681 681 b⁸r

2149 714 2515 775 tholomeum

2146 819 2208 866 et
2236 807 2499 869 thomam
2528 816 2587 867 et

2146 901 2423 961 iacobum
2450 900 2581 961 alfei

2142 1004 2202 1053 et
2230 995 2501 1056 lebbeum

2144 1106 2177 1147 e
2209 1089 2501 1149 simonem
2529 1106 2681 1150 cana

2142 1200 2322 1241 neum
2341 1214 2355 1229 ·
2400 1183 2443 1216 ¹⁹
2460 1191 2517 1243 et
2544 1184 2681 1243 iuda

2141 1277 2396 1337 scarioth
2459 1278 2557 1354 qui
2587 1288 2676 1337 tra

2140 1368 2285 1429 didit
2311 1370 2473 1430 illum
2494 1403 2507 1417 ·
2530 1404 2543 1418 ·
2568 1404 2580 1417 ·
2646 1370 2692 1405 ²⁰
2706 1372 2785 1433 Et

2137 1464 2379 1523 ueniunt
2401 1465 2476 1525 ad
2504 1466 2639 1526 uilla
2658 1496 2673 1513 ·

2137 1566 2197 1617 et
2225 1560 2501 1619 conuenit
2529 1559 2674 1621 iterii

2139 1652 2307 1712 turba
2329 1683 2343 1699 ·
2408 1653 2491 1713 uti
2518 1672 2628 1714 nec

2136 1756 2379 1822 possent
2407 1766 2625 1825 panem

2133 1838 2489 1901 manducare
2512 1874 2527 1888 ·

2134 1931 2177 1965 ¹¹
2195 1932 2270 1992 Et
2290 1952 2427 1993 cum
2456 1936 2753 1997 audissent

2133 2026 2209 2086 de
2236 2045 2311 2087 eo
2340 2030 2563 2089 scribae
2590 2040 2649 2090 et

2131 2122 2305 2180 ceteri
2359 2123 2621 2183 exierunt

2131 2224 2194 2275 ut
2222 2226 2484 2277 tenerent
2510 2237 2646 2278 eum

2128 2306 2420 2369 Dicebant
2446 2312 2605 2371 enim

2131 2405 2410 2480 quoniam
2438 2406 2692 2467 exentiat

2132 2555 2239 2596 eos
2258 2567 2273 2584 ·
2337 2535 2475 2598 ”Et
2501 2540 2724 2602 scribae

2132 2631 2232 2706 qui
2260 2632 2335 2691 ab
2362 2631 2654 2710 hierosoly

2131 2725 2247 2784 mis
2278 2725 2703 2788 descenderant

2129 2816 2400 2880 dicebant
2462 2823 2730 2895 quonia*

2129 2911 2431 2972 beelzebul
2460 2914 2641 2982 habet

2126 3005 2451 3084 principem
2471 3007 2583 3068 dae

2127 3100 2467 3160 moniorum
2528 3103 2608 3163 Et

2123 3210 2232 3271 per
2258 3212 2394 3254 eum
2422 3197 2557 3256 eicit
2584 3197 2659 3258 de

2123 3289 2327 3348 monia
2349 3320 2363 3336 ·
2420 3287 2463 3323 ⁵¹⁸
2481 3301 2537 3350 et
2564 3309 2645 3352 uo

2123 3382 2277 3440 cauit
2303 3400 2408 3443 eos
2470 3395 2531 3444 et
2556 3387 2635 3446 ait
2662 3386 2703 3447 il

2121 3473 2189 3534 lis
2217 3476 2277 3534 in
2303 3478 2593 3555 parabolis
2616 3513 2631 3528 ·

2119 3571 2424 3645 quomodo
2452 3591 2534 3650 po

2117 3673 2231 3722 test
2259 3675 2491 3726 satanas

2118 3768 2365 3818 satanan
2390 3760 2577 3822 eicere

2117 3849 2162 3885 ²⁴
2180 3852 2256 3911 Et
2284 3855 2333 3913 si
2360 3873 2609 3931 regnum
2637 3857 2697 3918 in
2725 3875 2788 3918 se

2119 3947 2409 4008 diuidatur
2466 3967 2589 4010 non

2114 4051 2307 4120 potest
2340 4052 2492 4104 stare

2115 4155 2361 4213 regnum
2390 4137 2531 4200 illud
2554 4171 2569 4186 ·

2113 4228 2159 4264 ’ὅ
2175 4241 2235 4290 et
2263 4233 2311 4290 si
2338 4233 2549 4293 domus
2578 4253 2647 4294 su

2111 4345 2216 4404 per
2244 4337 2429 4388 semet
2455 4329 2585 4406 ipsa

2111 4421 2477 4497 dispartiatur

3492 368 3612 437 115

2916 545 3040 586 non
3067 536 3261 604 potest
3288 526 3366 587 do

2912 638 3147 681 momus
3175 621 3271 681 illa
3298 632 3388 681 sta

2908 732 2971 772 re
3051 715 3097 748 ²⁶
3113 714 3191 773 Et
3218 716 3266 775 si
3294 726 3528 777 satanas

2908 816 3153 867 satanan
3182 808 3317 870 eicit

2905 899 3231 977 dispertitus
3259 912 3347 962 est

2904 1010 3079 1071 super
3111 1013 3175 1054 se
3232 1014 3356 1055 non
3384 1014 3466 1073 po

2902 1095 3011 1145 test
3038 1100 3190 1149 stare
3216 1108 3321 1166 reg

2903 1198 3043 1240 num
3072 1182 3195 1242 eius
3258 1183 3363 1243 sed
3392 1183 3433 1243 fi

2899 1292 3037 1333 nem
3071 1275 3248 1335 habet

2896 1364 3018 1429 ”N
3020 1386 3157 1430 emo
3184 1379 3381 1447 potest
3408 1388 3485 1430 ua

2898 1480 2963 1520 sa
2988 1461 3149 1523 sortis
3177 1465 3373 1541 ingres

2897 1572 2994 1614 sus
3022 1557 3083 1614 in
3112 1557 3355 1618 domum
3376 1557 3437 1618 di

2894 1649 3079 1727 ripere
3162 1652 3273 1710 nisi
3303 1652 3391 1729 pri

2895 1760 2965 1802 us
2993 1743 3203 1803 fortem
3230 1744 3425 1822 alliget
3454 1777 3469 1793 ·

2892 1836 2971 1895 Et
2996 1847 3135 1897 tunc
3164 1836 3409 1898 domum

2890 1931 3013 1991 eius
3041 1931 3267 2010 diripiet

2890 2023 2974 2087 ’μ’
2990 2026 3187 2084 Amen
3215 2024 3347 2087 dico
3374 2028 3549 2087 uobis
3574 2059 3589 2075 ·

2888 2119 3169 2195 quoniam
3202 2120 3404 2179 omnia

2888 2212 3245 2272 dimittentur
3266 2213 3345 2273 fili

2886 2306 2935 2365 is
2964 2306 3271 2365 hominum
3296 2324 3409 2383 pec

2886 2410 3015 2460 cata
3064 2411 3123 2460 et
3144 2400 3481 2462 blasfemiae
3499 2434 3513 2449 ·
3536 2433 3549 2449 ·
3574 2434 3586 2449 ·

2886 2531 2931 2567 ²⁹
2948 2533 3048 2611 qui
3079 2543 3275 2594 autem
3303 2534 3431 2594 blas

2882 2627 3187 2686 femauerit
3221 2632 3354 2704 spm

2884 2727 3011 2780 scm
3070 2740 3193 2781 non
3221 2721 3398 2782 habet

2881 2815 3289 2876 remissionem

2881 2909 2986 2968 sed
3014 2927 3146 2968 reus
3175 2908 3279 2969 erit

2879 3011 3114 3061 aeterne
3143 3002 3333 3062 delicti
3358 3035 3373 3050 ·

2876 3093 2925 3127 ³⁰
2938 3094 3237 3168 Quoniam
3268 3097 3540 3158 dicebant

2874 3207 3011 3248 eum
3040 3194 3175 3266 spm
3205 3191 3415 3250 inmun

2876 3284 3019 3342 dum
3048 3283 3265 3344 habere
3287 3316 3302 3332 ·

2872 3376 2915 3410 ⁸¹
2936 3376 3015 3436 Et
3041 3379 3202 3437 uenit
3222 3387 3410 3439 mater
3436 3379 3561 3440 eius

2874 3481 2933 3532 et
2952 3471 3158 3532 fratres
3186 3473 3312 3532 eius

2874 3576 2933 3625 et
2951 3564 3093 3625 foris
3122 3575 3343 3626 stantes

2871 3660 3155 3719 miserunt
3181 3659 3258 3719 ad
3286 3677 3423 3719 eum

2869 3761 2934 3812 ut
2962 3763 3300 3812 euocaretur
3322 3785 3337 3800 ·

2868 3843 2913 3880 θ’
2928 3846 3006 3905 Et
3032 3845 3319 3908 sedebant
3346 3847 3500 3907 circa

2868 3959 3005 4000 eum
3035 3941 3240 4000 turbae
3299 3951 3359 4000 et
3392 3943 3453 4002 di

2868 4045 3009 4094 cunt
3030 4034 3083 4094 ei
3146 4053 3288 4096 ecce
3316 4053 3417 4096 ma

2867 4137 2955 4188 ter
2981 4137 3081 4187 tua
3108 4138 3167 4188 et
3194 4129 3395 4190 fratres

2866 4223 2948 4282 tui
3010 4234 3068 4282 et
3088 4239 3320 4283 sorores

2863 4316 2947 4376 tui
3004 4315 3144 4375 foris
3171 4325 3421 4394 querunt

2864 4420 2919 4469 te
2938 4439 2953 4456 ·
2979 4440 2994 4456 ·
3035 4405 3193 4488 ”qui
3223 4427 3438 4487 respon

3127 4591 3229 4641 αα

3636 545 3763 595 1¹01.
3784 547 3901 595 101.
