4373 5048
567 372 675 421 xv,
706 369 949 422 16-xv1.
976 366 1049 432 3.]

295 535 533 585 :volso-
567 531 761 592 adhuc
789 541 847 591 et
874 549 982 591 uos

568 627 694 686 sine
720 625 995 685 intelectu
1021 642 1087 685 es

568 720 643 779 tis
665 746 680 760 ·
724 719 770 753 ¹⁸¹
786 718 1055 779 nondum
1088 718 1150 777 in

569 809 899 873 tellexsistis
918 837 931 852 ·
974 812 1111 889 quia

572 925 754 967 omne
783 906 943 983 quod
971 906 1031 964 in
1058 922 1127 965 os

570 1002 745 1061 intrat
772 1002 832 1059 in
859 1003 1062 1059 uentre

568 1092 735 1155 uadit
758 1105 819 1153 et
844 1094 907 1151 in
934 1110 1101 1153 seces

570 1206 703 1248 sum
730 1188 971 1247 mittitur
992 1217 1008 1234 ·

572 1282 617 1315 ¹⁸
635 1281 805 1354 Quae
831 1289 1029 1339 autem
1058 1297 1243 1357 proce

574 1377 723 1436 dunt
748 1375 822 1434 de
850 1392 951 1435 ore
978 1372 1055 1433 de

575 1468 751 1531 corde
779 1478 997 1527 exeunt

574 1572 633 1623 et
660 1582 729 1623 ea
757 1562 1142 1638 coinquinant

574 1656 906 1718 hominem-
962 1654 1007 1688 ¹⁹
1024 1652 1117 1715 De

577 1749 754 1810 corde
781 1750 943 1808 enim
970 1766 1082 1808 exe

576 1852 683 1903 unt
712 1842 1101 1919 cogitationes

576 1937 729 1997 male
755 1936 1061 1997 fornicatio

576 2048 683 2091 nes
706 2057 720 2072 ·
764 2030 1077 2091 adulteria·

577 2124 893 2185 homicidia
910 2149 924 2165 ·
967 2125 1119 2183 furta
1137 2150 1150 2165 ·

578 2219 725 2279 salsa
751 2219 1083 2280 testimonia
1100 2246 1113 2261 ·

579 2308 952 2373 blassaemiae
970 2338 984 2353 ·

579 2442 627 2477 ¹⁰
645 2442 783 2503 Hae
812 2453 947 2503 sunt
972 2462 1089 2521 que
1117 2442 1251 2503 coin

582 2538 828 2614 quinant
854 2537 1151 2598 homine--

586 2630 729 2692 Non
754 2631 885 2692 lotis
914 2641 1109 2692 autem

584 2725 869 2786 manibus
905 2726 1073 2784 mani

583 2821 698 2878 btis
725 2819 1080 2880 manducare

584 2930 711 2972 non
738 2913 1078 2990 coinquinat

584 3006 885 3065 hominem
916 3036 931 3052 ·

586 3099 668 3164 †¹¹
686 3099 765 3160 Et
792 3118 1061 3178 egressus
1090 3101 1226 3162 inde

585 3193 677 3254 ihs
703 3195 942 3254 secessit
967 3195 1029 3254 in

587 3298 780 3366 partes
812 3289 921 3366 tyri
948 3299 1007 3349 et
1034 3289 1084 3349 si

588 3382 761 3444 donis
782 3415 797 3430 ·
840 3380 885 3414 ²³
900 3391 959 3444 et
985 3401 1125 3444 ecce

588 3477 794 3538 mulier
822 3494 1086 3539 cananea

588 3589 625 3629 a
653 3571 863 3630 finibus
889 3570 1001 3631 illis
1027 3589 1166 3648 egre

588 3683 654 3724 sa
672 3697 685 3712 ·
730 3664 1020 3725 clamabat
1047 3666 1105 3724 di

589 3776 730 3818 cens
748 3788 762 3805 ο
810 3759 1083 3818 miserere

588 3853 706 3912 mei
733 3853 847 3912 dfie
876 3853 955 3911 fili
981 3850 1159 3912 dauid
1178 3883 1193 3900 ·

589 3946 707 4006 filia
732 3965 867 4006 mea
892 3946 1044 4006 male
1072 3965 1109 4006 a

591 4041 901 4102 daemonio
928 4050 1171 4100 uexatur
1191 4071 1206 4088 ·

586 4133 632 4168 ⁸⁸
650 4134 731 4194 At
757 4134 852 4195 ille
881 4153 1003 4194 non
1028 4151 1248 4212 respon

588 4227 671 4287 dit
698 4229 753 4288 ei
778 4231 1022 4290 uerbum
1046 4261 1147 4278 ·—·

1825 355 1962 419 MA
1979 344 2299 419 TTHECJ·
2307 379 2322 395 ·

1294 526 1373 588 Et
1400 528 1751 589 accedentes
1778 528 1868 589 dis

1294 622 1476 699 cipuli
1501 623 1624 682 eius
1650 640 1795 699 roga

1296 718 1441 776 bant
1468 736 1605 777 eum
1634 717 1811 776 dicen

1296 820 1389 871 tes
1408 842 1422 857 ·
1466 800 1794 873 Dimittssa-

1299 903 1399 981 qui
1431 904 1647 963 clamat
1672 914 1813 980 post

1300 1015 1413 1057 nos
1431 1027 1445 1044 ·
1490 994 1535 1031 ⁹*
1551 996 1687 1074 Ipse
1716 1002 1849 1057 aute

1299 1091 1662 1168 respondens
1690 1092 1769 1151 ait
1791 1122 1806 1138 ·

1302 1184 1445 1244 Non
1472 1185 1807 1245 summissus
1834 1186 1895 1245 ni

1303 1279 1351 1338 si
1380 1278 1455 1337 ad
1483 1297 1627 1340 oues
1654 1279 1821 1355 perdi

1301 1382 1391 1431 tas
1419 1372 1633 1431 domus
1658 1372 1732 1433 isi
1753 1404 1767 1419 ·

1303 1463 1348 1499 ⁸⁸
1364 1466 1445 1525 At
1472 1466 1569 1525 illa
1596 1466 1839 1525 ueniens
1866 1465 1943 1526 ad

1304 1560 1489 1620 orauit
1514 1578 1651 1620 eum
1680 1560 1881 1620 dicens
1901 1590 1915 1607 ·

1305 1653 1423 1714 (ΙΙ-ιθ
1449 1654 1659 1715 adiuua
1684 1672 1781 1714 me
1806 1685 1821 1700 ·

1304 1745 1351 1781 ’θ
1365 1746 1503 1824 Ipse
1530 1760 1727 1808 autem
1756 1758 1963 1826 respon

1306 1840 1455 1901 dens
1484 1842 1563 1901 ait
1580 1873 1596 1889 ·
1641 1859 1763 1902 non

1305 1946 1393 1996 est
1420 1935 1645 1997 bonum
1673 1936 1877 2013 accipe

1303 2048 1367 2090 re
1395 2047 1612 2106 panem
1640 2030 1826 2091 filiorii

1306 2132 1367 2183 et
1392 2124 1618 2183 mittere
1648 2124 1854 2183 canibS
1877 2155 1891 2171 ·

1305 2214 1352 2251 ²⁷
1367 2218 1446 2276 At
1474 2217 1569 2277 illa
1596 2217 1739 2278 dixit
1762 2220 1962 2296 utique

1306 2312 1421 2371 dfie
1442 2342 1457 2358 ·
1500 2311 1659 2372 Nam
1685 2321 1745 2372 et
1770 2330 1841 2373 ca

1307 2443 1424 2505 teni
1456 2442 1817 2503 manducant

1309 2539 1386 2598 de
1414 2539 1581 2598 micis
1608 2557 1721 2616 que
1749 2557 1821 2600 ca

1311 2632 1458 2690 dunt
1484 2631 1557 2692 de
1584 2650 1793 2692 mensa

1310 2724 1683 2784 dominorum
1712 2743 1823 2787 suo

1309 2835 1440 2877 rum
1463 2849 1478 2866 ·
1519 2815 1564 2852 ¹⁸
1582 2818 1756 2879 Tunc
1785 2837 1878 2879 res

1310 2913 1581 2990 pondens
1607 2913 1697 2973 ihs
1726 2913 1869 2974 dixit

1311 3006 1366 3065 ei
1409 3035 1425 3052 ·
1446 3005 1502 3067 Ο
1523 3038 1538 3054 ·
1579 3007 1784 3066 mulier

1312 3117 1530 3177 magna
1556 3111 1647 3160 est
1673 3101 1819 3161 fides

1312 3202 1413 3253 tua
1440 3194 1539 3254 fiat
1564 3195 1669 3254 tibi
1702 3195 1853 3255 sicut

1310 3287 1401 3348 uis
1427 3297 1486 3347 et
1514 3298 1719 3348 sanata
1742 3298 1833 3349 est

1314 3380 1430 3441 filia
1457 3381 1606 3442 illius
1633 3402 1706 3443 ex
1735 3383 1831 3442 illa

1316 3473 1462 3534 hora
1480 3506 1494 3522 ·
1537 3482 1575 3540 †
1592 3473 1637 3510 ²⁹
1654 3475 1735 3535 Et
1762 3496 1898 3537 cum

1315 3570 1610 3630 transisset
1637 3570 1773 3630 inde

1313 3662 1405 3723 ihs
1431 3664 1593 3723 uenit
1620 3682 1788 3726 secus

1313 3774 1477 3818 mare
1503 3757 1744 3835 galileae

1313 3860 1373 3910 et
1398 3852 1724 3912 ascendens
1750 3853 1813 3913 in

1315 3956 1581 4006 montem
1609 3947 1851 4006 sedebat

1314 4039 1431 4098 ibi·
1474 4037 1521 4071 ⁸⁰
1536 4049 1594 4098 et
1623 4057 1830 4100 accese

1312 4142 1447 4191 runt
1474 4132 1551 4192 ad
1575 4150 1711 4192 eum
1738 4143 1830 4194 tur

1312 4227 1387 4288 be
1414 4227 1631 4288 multae
1650 4258 1666 4275 ·
1710 4227 1903 4290 haben

2115 537 2208 589 tes
2235 543 2440 588 secum
2468 543 2570 585 mu

2118 632 2214 682 tos
2242 621 2452 680 clodos
2479 638 2587 681 cae

2120 732 2227 775 cos
2257 715 2478 775 debiles
2506 702 2565 774 et

2119 808 2269 869 alios
2295 808 2514 869 multos
2532 838 2547 855 ·
2604 818 2664 868 et

2122 903 2488 979 proiecerunt
2513 920 2620 963 eos

2122 996 2201 1055 ad
2227 997 2408 1074 pedes
2435 995 2534 1055 ihu
2553 1028 2568 1043 ·
2603 1006 2664 1056 et

2122 1090 2353 1150 sanauit
2381 1108 2484 1151 eos
2503 1122 2518 1138 ·
2557 1089 2600 1125 ⁸¹
2623 1090 2715 1151 Ita

2122 1195 2186 1243 ut
2215 1186 2378 1245 turbe
2407 1185 2555 1243 mira

2122 1288 2320 1337 rentur
2337 1308 2352 1324 ·
2394 1276 2573 1337 uiden

2123 1382 2213 1431 tes
2239 1380 2434 1431 mutos
2461 1371 2520 1431 lo

2124 1475 2371 1541 quentes
2390 1496 2404 1511 ·
2448 1465 2584 1525 debi

2123 1559 2210 1619 les
2239 1576 2420 1619 sanos
2437 1590 2452 1605 ·
2500 1560 2596 1619 clo

2127 1654 2240 1712 dos
2267 1653 2631 1713 ambulantes
2651 1685 2666 1701 ·

2128 1764 2341 1806 caecos
2367 1747 2636 1807 uidentes

2128 1850 2188 1900 et
2215 1840 2672 1917 magnificabant

2127 1934 2232 1993 dm
2260 1934 2362 1993 isi·
2405 1931 2490 2000 τ’*
2506 1933 2607 1995 Ihs
2635 1938 2770 1995 aute

2128 2028 2472 2088 conuocatis
2498 2028 2643 2089 disci

2129 2122 2282 2198 pulis
2310 2122 2428 2181 suis
2456 2121 2600 2182 dixit
2619 2152 2634 2169 ·

2132 2215 2420 2275 Misereor
2448 2218 2650 2277 turbae

2129 2311 2269 2386 quia
2293 2310 2411 2371 iam
2437 2309 2630 2371 tridui!

2129 2450 2220 2505 est
2245 2441 2406 2519 quod
2433 2460 2604 2519 perse

2131 2546 2296 2596 uerat
2323 2554 2555 2597 mecum
2575 2568 2592 2584 ·
2633 2549 2695 2599 et

2132 2648 2256 2690 non
2284 2631 2502 2690 habent
2528 2631 2692 2708 quod

2131 2721 2449 2785 mandcare
2471 2755 2486 2772 ·
2529 2735 2588 2784 et
2615 2725 2675 2786 di

2134 2817 2357 2877 mittere
2383 2836 2487 2880 eos
2511 2819 2626 2878 ieiu

2134 2929 2247 2971 nos
2268 2942 2283 2960 ·
2328 2912 2466 2972 nolo
2491 2943 2505 2960 ·
2548 2930 2625 2972 ne
2651 2911 2766 2973 defi

2134 3006 2292 3065 ciant
2318 3005 2379 3064 in
2407 3007 2536 3066 uia·
2562 3037 2576 3054 ·
2621 3006 2760 3066 ”Di

2135 3110 2276 3159 cunt
2302 3109 2496 3160 autem
2522 3101 2577 3162 ei
2607 3100 2698 3162 dis

2134 3193 2312 3271 cipuli
2339 3193 2463 3254 eius
2481 3225 2496 3242 ·
2539 3195 2697 3254 unde

2135 3288 2306 3348 nobis
2333 3289 2394 3346 in
2421 3288 2654 3350 deserto

2132 3400 2320 3459 panes
2347 3391 2542 3442 tantos
2567 3391 2634 3444 ut

2134 3487 2458 3538 saturentur
2485 3487 2576 3538 tur

2136 3571 2249 3630 bae
2274 3581 2470 3630 tantae
2489 3601 2504 3618 ·
2547 3571 2594 3608 ⁸⁴
2610 3581 2670 3632 et
2695 3573 2778 3632 ait

2134 3665 2246 3724 illis
2273 3665 2362 3724 ihs
2388 3665 2548 3740 quod
2574 3684 2654 3742 pa

2136 3777 2242 3819 nes
2271 3758 2495 3820 habetis
2513 3791 2528 3806 ·
2571 3769 2632 3820 at
2656 3759 2734 3820 illi

2135 3853 2405 3913 dixerunt
2432 3862 2652 3930 septem
2675 3885 2692 3902 ·

2136 3957 2195 4006 et
2221 3965 2444 4024 paucos
2469 3948 2682 4024 pi⁸cicu

2132 4040 2225 4101 los
2245 4071 2259 4088 ·
2299 4040 2438 4100 ”Et
2464 4042 2762 4121 praecepit

2132 4137 2298 4194 turbe
2325 4135 2627 4196 discumbe

2130 4246 2193 4289 re
2221 4228 2282 4287 in
2309 4238 2520 4290 terram
2539 4260 2555 4277 ·

3499 372 3576 420 21

2875 525 2920 561 ⁸⁰
2935 526 3012 588 Et
3033 529 3328 608 accipiens
3355 532 3519 608 septe
3605 534 3732 585 ποι.
3749 534 3836 586 41.
3931 516 3950 531 '

2875 640 3064 699 panes
3153 633 3214 683 et
3240 622 3392 683 duos

2875 715 3133 792 pisculos
3152 747 3166 764 ·
3210 726 3269 776 et
3294 735 3402 794 gra

2875 810 2986 869 tias
3015 828 3198 887 agens
3223 810 3310 870 fre

2875 902 2960 979 git
2986 913 3044 963 et
3075 903 3236 975 dedit
3263 904 3409 964 disci

2876 996 3030 1073 pulis
3057 998 3176 1057 suis
3243 1008 3303 1057 et
3331 998 3421 1057 dis

2878 1090 3052 1167 cipuli
3085 1092 3212 1151 eius
3238 1091 3392 1153 dede

2877 1194 3012 1244 runt
3040 1184 3262 1263 populo
3285 1215 3301 1232 ·

2879 1276 2923 1311 ⁸⁷
2941 1276 3019 1337 Et
3043 1279 3545 1339 manducauerunt

2879 1388 3088 1431 omnes
3115 1381 3172 1431 et
3200 1382 3395 1433 satura

2879 1466 2924 1523 ti
2953 1475 3088 1524 sunt
3105 1496 3120 1512 ·
3162 1476 3221 1525 et
3246 1466 3364 1527 tule

2881 1566 3018 1617 runt
3045 1558 3206 1635 quod
3235 1560 3394 1619 abun

2883 1652 3042 1711 dauit
3068 1652 3333 1728 fragmen

2880 1755 3078 1806 torum
3148 1756 3374 1823 septem
3433 1754 3440 1757 “

2882 1850 3110 1916 sportas
3138 1840 3346 1917 plenas
3365 1871 3382 1889 ·

2881 1933 2925 1967 ⁸³
2943 1931 3127 1992 Erant
3155 1943 3351 1994 autem
3384 1934 3484 2011 qui

2883 2027 3386 2088 manducauerunt

2882 2130 3152 2198 quattuor
3177 2121 3338 2181 milia
3363 2122 3424 2181 ui

2882 2232 3078 2275 rorum
3097 2246 3112 2261 ·
3163 2226 3330 2275 extra

2882 2326 3096 2386 pueros
3123 2318 3182 2368 et
3208 2309 3385 2369 mulie

2885 2458 2978 2501 res
2999 2471 3013 2487 ·
3057 2440 3102 2475 ³⁹
3118 2439 3196 2499 Et
3225 2440 3465 2503 dimissa
3517 2478 3524 2485 -

2885 2536 3053 2595 turba
3086 2536 3346 2596 ascendit

2886 2631 2948 2689 in
2977 2629 3308 2690 nauiculam
3327 2659 3343 2676 ·
3385 2639 3446 2692 et

2884 2724 3046 2783 uenit
3070 2725 3131 2782 in
3159 2723 3307 2784 fines
3335 2741 3474 2802 mag

2885 2817 3061 2877 dalan
3081 2848 3097 2866 ·
3126 2823 3163 2880 ·Ι·
3185 2823 3282 2880 16.
3325 2817 3346 2854 ¹
3363 2829 3422 2879 et
3447 2837 3588 2882 acce

2885 2911 3088 2972 dentes
3123 2911 3348 2972 farisaei

2886 3015 2945 3065 et
2972 3005 3250 3066 sadducei
3281 3016 3403 3066 tem

2885 3109 3074 3159 tantes
3101 3116 3321 3176 rogaue

2886 3202 3021 3253 runt
3047 3211 3183 3252 eum
3201 3224 3218 3240 ·
3259 3203 3324 3253 ut
3351 3193 3441 3271 sig

2886 3305 3031 3346 num
3064 3285 3139 3346 de
3167 3288 3333 3347 caelo
3359 3298 3529 3348 osten

2887 3380 3054 3441 deret
3078 3379 3186 3441 illis
3207 3412 3223 3430 ·
3265 3379 3289 3414 ²
3308 3381 3390 3442 At
3417 3382 3508 3444 ille

2887 3475 3254 3553 respondens
3280 3477 3360 3536 ait

2887 3569 2997 3629 illis
3016 3600 3031 3616 ·
3075 3587 3213 3630 cum
3241 3587 3374 3632 sero

2887 3663 3107 3724 factum
3135 3663 3304 3726 fuerit
3326 3695 3341 3710 ·

2887 3758 3074 3818 dicitis
3102 3775 3372 3818 serenum

2885 3853 2994 3912 erit
3011 3884 3026 3899 ·
3067 3851 3394 3912 rubicundi!

2884 3957 2973 4006 est
3000 3946 3157 4006 enim
3189 3945 3417 4006 caelum
3435 3977 3453 3996 ο

2885 4040 2908 4074 ⁸
2922 4050 2981 4101 et
3007 4059 3182 4100 mane
3210 4039 3388 4100 hodie
3415 4049 3535 4102 tem

2881 4143 3078 4213 pestas
3100 4165 3117 4181 ·
3157 4135 3405 4196 rubicun

2883 4229 3024 4290 dum
3052 4238 3144 4292 est
3166 4229 3326 4292 enim
3351 4229 3518 4292 caelii
