4373 5048
773 328 853 391 16
2056 330 2430 394 SECUND
2451 362 2468 379 ·
3299 340 3442 406 [κη.
3461 346 3715 409 33-xr11.
3740 346 3790 395 8.

3051 500 3180 563 ⁸³18.
3204 502 3300 561 ¹In
3327 503 3425 562 illa
3453 514 3648 565 autem
3675 504 3767 567 die
3813 520 3937 570 rol.
3961 522 4050 573 81.

3049 592 3312 655 *exsiens
3336 597 3428 656 ihs
3455 596 3529 656 de
3557 598 3638 659 do

3047 689 3186 751 *mo
3205 717 3218 732 ·
3264 691 3502 751 sedebat
3529 710 3590 753 se

3046 782 3190 843 *cus
3217 803 3378 845 mare
3398 813 3414 827 ·
3457 784 3480 817 ²
3497 787 3573 846 Et
3599 806 3718 849 con

3046 877 3317 956 *greg-ate
3347 891 3480 940 sunt
3506 880 3582 941 ad

2332 514 2452 563 tam
2535 512 2594 562 et
2619 514 2886 562 ornatam
2907 526 2924 543 ·

2329 596 2560 657 ⁴⁶Tunc
2587 596 2746 655 uadit
2773 606 2832 655 et
2857 596 2937 657 ad

2329 690 2504 749 sumit
2531 708 2732 749 secum
2761 690 2837 749 ali

2328 801 2398 843 os
2427 795 2586 860 septe
2615 789 2719 861 sps
2746 802 2824 844 ne

2327 878 2562 953 quiores
2591 896 2654 937 se
2677 911 2690 925 ·
2770 887 2832 939 et

1525 501 1709 561 Ionae
1729 502 1991 580 profetae
2026 502 2129 562 ⁴⁰si

1524 604 1623 654 cut
1649 596 1808 654 enim
1838 596 1943 655 suit
1969 596 2029 656 io

1524 706 1632 747 nas
1659 690 1721 747 in
1746 700 1953 749 uentre
1987 708 2094 751 coe

1523 783 1597 841 ti·
1645 783 1824 842 tribus
1858 783 2061 843 diebus

1522 886 1581 935 et
1608 877 1787 936 tn'bus
1814 878 2083 938 noctibus
2104 903 2120 920 ·

492 518 724 573 tomo,
768 501 985 563 malam
1012 513 1071 563 et
1098 503 1223 563 fruc

766 607 891 657 tum
914 598 1039 657 eius
1067 598 1271 657 malu-
1289 620 1305 639 ·

766 711 840 752 ex
868 692 1149 752 fructibus
1175 700 1275 751 eni

764 788 939 846 arbor
968 788 1252 864 cognosci

762 890 888 939 tur·
931 878 977 915 ³⁴
993 882 1184 957 Proge

762 976 889 1035 nies
914 977 1185 1053 uiperaru

764 1071 1068 1147 quomodo
1096 1078 1266 1148 potes

762 1164 837 1222 tis
866 1166 1023 1225 bona
1048 1165 1247 1244 loqui·

766 1276 904 1317 cum
932 1260 1055 1319 sitis
1080 1260 1217 1319 mali
1240 1288 1252 1301 ·

762 1348 858 1411 Ex
885 1353 1239 1413 abundantia
1271 1372 1307 1415 e

765 1446 889 1505 nim
919 1446 1115 1505 cordis
1142 1466 1210 1507 os
1238 1448 1297 1507 lo

766 1540 958 1616 quitur
974 1565 990 1582 ·
1036 1540 1083 1575 ⁸⁸
1100 1540 1304 1603 Bonus

764 1632 947 1703 homo
972 1634 1047 1694 de
1075 1634 1235 1696 bono

763 1727 1081 1789 thensauro

761 1820 981 1897 profert
1009 1822 1167 1881 bona
1188 1848 1203 1864 ·

760 1912 841 1973 Et
865 1914 1053 1975 malus
1080 1916 1261 1977 homo

762 2008 839 2067 de
866 2008 1025 2069 malo
1052 2008 1222 2069 thens

760 2119 905 2161 auro
934 2102 1151 2179 profert

760 2196 917 2256 mala
937 2221 952 2236 ·
1008 2196 1054 2230 ⁸⁸
1070 2196 1223 2258 Dico
1252 2216 1327 2257 au

757 2300 880 2349 tem
907 2290 1075 2350 uobis
1105 2323 1118 2338 ·
1176 2292 1341 2368 quod

760 2401 941 2444 omne
974 2386 1221 2445 uerbum

760 2516 1013 2577 otiosum
1040 2518 1203 2595 quod
1232 2518 1367 2580 locu

757 2611 801 2670 ti
829 2610 1040 2672 fuerint
1067 2613 1337 2674 homines

757 2706 1004 2766 reddent
1032 2707 1155 2766 eius
1184 2709 1330 2767 ratio

758 2817 898 2858 nem
923 2800 985 2858 in
1014 2799 1105 2859 die
1132 2801 1359 2861 iudicii·

756 2893 802 2927 ³⁷
821 2893 1237 2972 Unusquisque
1264 2897 1423 2956 enim

756 2989 951 3047 uerbis
979 2989 1097 3048 suis
1124 2989 1297 3048 iustifi

758 3081 983 3140 cabitur
1039 3091 1099 3141 et
1123 3100 1228 3141 uer

756 3175 847 3233 bis
876 3175 995 3233 suis
1022 3177 1364 3236 condemna

756 3269 911 3327 bitur
929 3300 942 3314 ·
984 3267 1027 3302 ⁸⁸
1044 3269 1217 3330 Tunc

756 3362 1185 3439 responderunt
1211 3364 1267 3422 ei

755 3456 993 3533 quidam
1022 3457 1096 3516 de
1124 3457 1327 3517 scribis

756 3560 816 3611 et
841 3550 1097 3610 farisaeis
1125 3551 1301 3610 dicen

757 3655 847 3704 tes
864 3671 877 3686 ·
922 3645 1199 3721 magister

754 3739 1032 3799 uolumus
1060 3757 1095 3797 a
1120 3748 1177 3798 te
1205 3739 1376 3816 signi!

754 3834 954 3894 uidere
978 3861 991 3874 ·
1036 3833 1080 3866 ⁸⁰
1096 3833 1187 3893 ihs
1214 3837 1348 3892 aute

754 3928 1115 4005 respondens
1143 3929 1221 3987 ait
1254 3927 1293 3986 il

752 4023 825 4083 lis
846 4059 859 4074 ·
904 4023 1227 4083 Generatio

756 4117 910 4176 mala
938 4127 995 4176 et
1022 4117 1283 4177 adultera

751 4212 986 4288 signum
1013 4211 1230 4288 querit·
1274 4211 1353 4271 Et

750 4306 987 4382 signum
1015 4324 1139 4365 non
1168 4306 1303 4365 dabi

748 4409 841 4460 tur
868 4400 923 4461 ei
949 4400 1058 4460 nisi
1084 4400 1319 4478 signum

1525 968 1623 1029 Sic
1651 971 1757 1030 erit
1784 971 1932 1031 filius
1960 970 2121 1031 homi

1522 1065 1613 1121 nis
1640 1064 1701 1122 in
1730 1065 1906 1124 corde
1934 1074 2081 1126 terre

1520 1158 1699 1217 tribus
1728 1158 1929 1217 diebus
1952 1168 2014 1219 et

1520 1253 1703 1312 tribus
1730 1254 2029 1313 noctibus·

1518 1345 1563 1379 ⁴¹
1574 1345 1699 1405 Uiri
1725 1348 1977 1407 m'neuite
2006 1366 2103 1408 sur

1520 1451 1660 1517 gent
1686 1441 1747 1499 in
1775 1441 1986 1502 iudicio
2014 1448 2091 1503 εὖ

1518 1536 1894 1612 generatione
1915 1537 2027 1596 ista

1518 1640 1577 1689 et
1610 1630 2092 1690 condemnabunt

1516 1740 1651 1781 eam
1672 1750 1685 1762 ·
1730 1724 1867 1802 quia
1892 1724 2171 1799 paeniten

1514 1817 1656 1875 tiam
1682 1825 1927 1893 egerunt
1981 1818 2043 1875 in

1516 1910 1945 1986 praedicatione
1973 1911 2147 1970 ionae
2170 1938 2185 1952 ·

1517 2001 1595 2062 Et
1622 2022 1763 2063 ecce
1789 2004 1923 2081 plus
1950 2023 2129 2082 quam

1514 2097 1651 2157 iona
1679 2096 1775 2157 hic
1794 2125 1809 2139 ·
1856 2095 2152 2176 ⁴²¹Regina

1514 2193 1688 2251 austri
1716 2200 1913 2269 surget
1938 2193 2001 2252 in

1515 2284 1727 2345 iudicio
1756 2303 1892 2345 cum
1920 2304 2072 2362 gene

1514 2382 1737 2440 ratione
1765 2381 1875 2440 ista
1892 2408 1905 2421 ·

1514 2524 1572 2574 et
1600 2512 2021 2574 condemnabit

1510 2627 1583 2668 ea
1602 2635 1616 2649 ·
1661 2609 1801 2684 quia
1826 2609 1989 2668 uenit

1511 2704 1589 2762 ab
1615 2702 1829 2761 ultimis
1857 2703 2009 2778 parti

1509 2797 1619 2856 bus
1648 2806 1832 2856 terrae
1902 2815 1977 2856 au

1510 2891 1633 2950 dire
1662 2891 2009 2968 sapientiam

1510 2984 1833 3044 solomonis
1851 3011 1864 3024 ·
1908 2992 1967 3042 et

1509 3097 1649 3137 ecce
1679 3078 1779 3154 plu
1809 3077 1905 3138 hic
1938 3089 2106 3155 qua-

1512 3172 1785 3231 solomon
1808 3197 1821 3211 ·

1512 3265 1557 3298 ⁴⁸
1577 3263 1729 3324 Cum
1758 3276 1955 3323 autem
1983 3263 2045 3322 in

1514 3358 1767 3418 mundus
1795 3363 1895 3434 sps
1922 3358 2017 3417 exi

1513 3454 1620 3512 erit
1646 3454 1724 3512 ab
1752 3452 1991 3512 homine
2016 3482 2032 3499 ·

1511 3547 1773 3606 ambulat
1799 3565 1905 3623 per
1931 3545 1991 3606 lo

1508 3660 1581 3702 ca
1610 3641 1771 3700 arida
1839 3657 1989 3718 quae

1508 3754 1643 3794 rens
1672 3735 1927 3813 requiem

1506 3840 1566 3890 et
1594 3848 1717 3889 non
1746 3829 1971 3889 inuenit
1990 3853 2004 3868 ·

1505 3927 1550 3959 ⁴⁴
1569 3925 1742 3984 Tunc
1772 3924 1911 3983 dicit
1990 3941 2155 3985 reuer

1505 4030 1591 4079 tar
1619 4021 1680 4077 in
1710 4020 1957 4079 domum

1505 4132 1699 4173 meam
1728 4113 1885 4171 unde
1913 4111 2008 4171 exi

1502 4210 1563 4268 ui
1582 4234 1595 4249 ·
1639 4219 1699 4267 et
1724 4207 1965 4267 ueniens

1504 4302 1725 4363 inuenit
1750 4311 2060 4361 uacante‘·

1500 4408 1560 4458 et
1588 4397 1783 4475 scopis
1806 4395 2029 4456 munda

2327 972 2605 1031 intrantes
2633 972 2732 1031 abi

2326 1074 2453 1123 tant
2477 1066 2542 1123 in
2568 1084 2640 1125 ea
2718 1076 2777 1125 et
2803 1064 2846 1124 fi

2327 1168 2434 1217 unt
2460 1159 2783 1219 nouissima

2329 1251 2580 1312 hominis
2607 1253 2758 1313 illius

2327 1347 2525 1423 peiora
2551 1347 2740 1424 magis

2327 1458 2502 1517 quam
2532 1441 2724 1517 priora
2747 1472 2762 1487 ·

2329 1533 2426 1594 Sic
2455 1536 2561 1595 erit
2587 1545 2646 1594 et
2673 1553 2890 1611 genera

2326 1629 2483 1689 tione
2513 1630 2647 1689 huic
2675 1630 2832 1706 pessi

2327 1739 2460 1782 mae
2479 1748 2494 1763 ·
2537 1722 2764 1782 “Adue
2794 1726 2928 1783 aute

2325 1834 2400 1875 eo
2427 1815 2701 1894 loquente
2729 1816 2806 1876 ad

2325 1912 2523 1970 turbas
2603 1909 2766 1971 Ecce

2325 2014 2509 2062 mater
2536 2014 2595 2063 et
2625 2003 2820 2063 fratres

2323 2098 2447 2157 eius
2474 2100 2702 2157 stabant
2730 2098 2792 2157 so

2321 2192 2400 2248 ris
2428 2200 2734 2266 querentes

2321 2284 2480 2363 loqui
2509 2302 2646 2343 cum
2672 2302 2746 2345 eo

2321 2512 2365 2547 ⁴⁷
2378 2510 2539 2571 Dixit
2567 2520 2762 2571 autem
2789 2511 2842 2570 ei
2871 2510 2970 2589 qui

2320 2606 2458 2665 dam
2476 2643 2489 2658 .
2533 2624 2673 2665 ecce
2704 2615 2888 2664 mater

2321 2710 2420 2759 tua
2447 2709 2506 2758 et
2531 2699 2732 2759 fratres
2761 2699 2838 2758 tui
2863 2731 2878 2746 ·

2320 2792 2454 2853 soris
2485 2802 2638 2852 stant
2708 2810 2822 2869 que

2319 2897 2511 2946 rentes
2539 2886 2696 2962 loqui
2723 2897 2777 2946 te

2321 2999 2489 3040 cum·
2535 2981 2579 3014 ⁴⁸
2594 2980 2674 3040 At
2700 2980 2822 3057 ipse
2851 2998 2946 3039 res

2320 3075 2588 3151 pondens
2616 3074 2758 3133 dixit

2321 3167 2532 3228 dicenti
2560 3169 2664 3227 sibi
2689 3200 2702 3215 ·
2765 3186 2880 3245 que

2321 3273 2408 3320 est
2435 3272 2619 3321 mater
2647 3279 2778 3321 mea
2801 3289 2813 3302 ·

2321 3366 2420 3414 aut
2446 3357 2543 3433 qui
2573 3368 2707 3415 sunt
2736 3355 2825 3415 fra

2321 3461 2434 3510 tres
2463 3451 2575 3510 mei
2593 3477 2607 3491 ·
2651 3449 2696 3482 ⁴⁹
2712 3449 2789 3509 Et
2815 3469 2889 3510 ex

2319 3544 2567 3603 tendens
2594 3561 2836 3602 manum

2315 3638 2377 3696 in
2405 3637 2720 3715 discipulos
2749 3655 2886 3697 suos

2318 3732 2457 3791 dixit
2476 3764 2489 3778 ·
2553 3749 2692 3791 ecce
2721 3741 2907 3790 mater

2315 3844 2447 3885 mea
2473 3837 2532 3884 et
2558 3825 2760 3885 fratres

2313 3921 2430 3978 mei
2447 3947 2460 3960 ·
2507 3918 2553 3953 ⁶⁰
2567 3919 2875 3998 quicumq‘s

2311 4013 2468 4072 enim
2495 4014 2692 4073 fecerit
2717 4033 2795 4074 uo

2310 4107 2591 4168 luntatem
2618 4109 2796 4184 patris

2312 4203 2426 4260 mei
2454 4203 2551 4280 qui
2578 4203 2640 4260 in
2669 4201 2843 4262 caelis
2870 4213 2960 4262 est

2308 4295 2432 4372 ipse
2461 4313 2624 4354 meus
2651 4295 2822 4354 frater

2309 4400 2368 4450 et
2383 4409 2545 4451 soror
2555 4401 2610 4451 et
2619 4401 2802 4450 mater
2821 4400 2934 4451 est·
2947 4419 3015 4438 ·-

3044 974 3216 1031 *eum
3245 976 3444 1033 turbae
3472 975 3594 1033 mul

3082 1078 3206 1126 tae·
3246 1070 3326 1128 ita
3353 1079 3418 1127 ut
3443 1070 3504 1126 in
3535 1070 3670 1129 naui

3082 1161 3213 1222 cula
3241 1163 3565 1223 ascendens

3082 1255 3305 1315 sederet
3323 1284 3336 1296 ·
3381 1257 3458 1316 Et
3484 1275 3586 1317 om

3081 1351 3174 1409 nis
3199 1352 3368 1409 turba
3394 1351 3454 1408 in
3481 1351 3647 1411 litore

3081 1445 3268 1503 stabat
3287 1470 3300 1483 ·
3345 1444 3460 1503 ⁸Et
3486 1443 3620 1503 locu

3079 1548 3170 1597 tus
3198 1547 3286 1596 est
3313 1538 3395 1597 eis
3423 1537 3606 1599 multa

3079 1632 3139 1689 in
3168 1631 3458 1707 parabolis
3485 1632 3544 1689 di

3077 1741 3250 1783 cens·
3296 1723 3454 1783 Ecce
3481 1725 3618 1785 exiit

3078 1818 3392 1877 seminator
3419 1818 3563 1877 semi

3076 1930 3217 1970 nare
3238 1938 3250 1951 ·
3295 1913 3317 1945 ⁴
3335 1921 3390 1970 et
3419 1929 3556 1971 cum
3585 1930 3648 1971 se

3075 2006 3258 2065 minat
3334 2005 3622 2082 quaedam

3075 2099 3404 2159 ceciderunt
3431 2118 3598 2159 secus

3073 2194 3229 2252 uiam
3301 2204 3360 2252 et
3386 2202 3668 2252 uenerunt

3074 2286 3342 2346 uolucres
3368 2297 3426 2346 et
3455 2304 3624 2346 come

3075 2512 3282 2572 derunt
3309 2533 3378 2573 ea
3397 2543 3412 2561 ·
3456 2513 3612 2574 ⁶Alia

3075 2619 3270 2666 autem
3298 2608 3633 2669 ceciderunt

3075 2701 3136 2759 in
3165 2712 3396 2778 petrosa
3472 2703 3572 2762 ubi

3075 2813 3198 2854 non
3227 2795 3477 2854 habebat
3506 2806 3589 2854 ter

3073 2907 3202 2947 ram
3230 2889 3474 2947 multam
3495 2915 3508 2928 ·
3553 2900 3612 2949 et

3075 2983 3356 3042 continuo
3380 2982 3564 3043 exhor

3073 3085 3134 3136 ta
3163 3087 3300 3136 sunt
3368 3077 3632 3155 quonia*

3075 3188 3196 3229 non
3227 3169 3478 3230 habebat
3505 3172 3604 3230 alti

3075 3263 3332 3323 tudinem
3360 3275 3542 3322 terrae
3562 3292 3575 3304 ·

3074 3353 3098 3388 ⁶
3113 3356 3248 3416 Sole
3277 3369 3470 3417 autem
3499 3359 3667 3420 horto

3072 3461 3479 3510 aestuauerunt
3497 3479 3510 3493 ·

3072 3543 3152 3604 Et
3175 3546 3310 3624 quia
3337 3565 3460 3606 non
3487 3547 3640 3606 habe

3071 3639 3214 3699 bant
3240 3639 3528 3698 radicem·
3573 3659 3612 3700 a

3068 3743 3338 3792 ruerunt·
3381 3733 3548 3794 'Alia

3068 3837 3264 3884 autem
3291 3827 3626 3890 ceciderunt

3064 3919 3126 3976 in
3153 3920 3335 3996 spinis
3423 3931 3480 3980 et
3507 3938 3604 3982 cre

3062 4023 3272 4072 uerunt
3299 4015 3501 4091 spinae

3059 4117 3118 4165 et
3147 4107 3580 4169 soffucauerunt

3063 4219 3165 4259 ea·
3212 4201 3381 4261 ”Alia
3408 4214 3602 4262 autem

3063 4296 3396 4357 ceciderunt
3420 4297 3481 4356 in
3509 4307 3708 4358 terra-
