4373 5048
1036 479 1282 541 RELA
1298 477 1525 539 TION
1570 477 1692 538 oF
1714 499 1760 561 q
1799 477 1910 538 To
1960 476 2277 538 OTHER
2328 475 2653 539 OLD-LA
2672 477 2843 538 TIN
2887 476 3204 541 TEXTS.
3372 476 3490 542 xlv

779 649 1018 710 Selected
1027 650 1292 728 readings
1317 651 1440 709 and
1457 650 1784 726 rendert'ngs
1803 652 1866 709 in
1893 647 2080 708 which
2185 647 2428 708 Selected
2441 650 2707 728 readings
2732 649 2857 708 and
2866 649 3199 727 renderings
3224 649 3285 708 in
3304 649 3491 709 which

693 811 700 818 ,
1024 748 1109 828 sq
1134 750 1301 828 ἄρθεν
1309 749 1482 828 from
1511 749 1642 809 each
1669 750 1835 808 other.

781 845 957 908 Mark
986 847 1020 906 i.

867 964 918 1004 2.
959 945 1116 1006 uiam
1141 955 1302 1005 tuam
1330 966 1368 1004 a
1395 945 1427 1004 b
1455 945 1555 1022 dq
1582 945 1716 1005 Am.

1105 1044 1265 1104 uiam
1293 1052 1453 1103 tuam
1481 1054 1616 1104 ante
1646 1053 1702 1104 te
1713 1045 1783 1124 f

863 1161 916 1218 3.
960 1142 1195 1202 semitas
1224 1143 1348 1202 eius
1377 1161 1414 1218 q
1440 1141 1574 1201 Am.

1106 1240 1342 1300 semitas
1369 1239 1464 1302 dei
1492 1240 1674 1302 nostri
1701 1260 1741 1300 a
1769 1240 1802 1300 b
1828 1242 1874 1298 d
1871 1241 1938 1318 f

865 1354 918 1414 5.
959 1337 1429 1414 hierosolymitae
1457 1339 1714 1400 uniuersi
1735 1340 1768 1400 b
1788 1339 1833 1397 d
1851 1359 1888 1416 q
1909 1339 2042 1398 Am.

1106 1437 1287 1498 hiero·
1317 1455 1526 1498 omnes
1553 1457 1610 1496 a.

1106 1532 1572 1612 hierosolymitae
1583 1535 1653 1614 f

963 1633 1206 1694 iordane
1231 1652 1271 1692 a
1300 1633 1332 1692 b
1359 1634 1404 1692 d
1424 1653 1474 1710 q.

1105 1731 1345 1793 iordane
1373 1731 1612 1792 flumine
1623 1731 1833 1812 fAm.

865 1833 918 1890 6.
960 1829 1114 1910 pilos
1143 1831 1176 1890 b
1204 1830 1249 1888 d
1267 1849 1318 1906 q.

1108 1949 1184 1990 ex
1213 1929 1344 2007 pilis
1347 1929 1420 2007 fi
1449 1929 1581 2006 pilis
1607 1929 1738 1988 Am.

1108 2028 1322 2106 pellem
1349 2047 1402 2086 a.

865 2130 920 2199 6,
955 2142 1005 2203 7.
1047 2125 1143 2187 hic
1186 2125 1525 2203 predicabat
1565 2125 1766 2186 dicens
1804 2125 2084 2203 quoniam

1189 2225 1222 2284 b
1251 2244 1302 2301 q.

1105 2332 1164 2382 et
1234 2321 1612 2401 praedicabat
1689 2321 1889 2382 dicens
1957 2319 2084 2403 (om.

1188 2422 1494 2498 quoniam)
1507 2422 1576 2499 f
1586 2419 1720 2480 Am.

1105 2530 1166 2580 et
1193 2520 1422 2582 dicebat
1449 2519 1560 2580 illis
1587 2540 1625 2578 a
1652 2518 1704 2577 d.

826 2640 920 2697 34.
961 2619 1186 2680 curauit
1214 2618 1259 2676 d
1277 2638 1305 2677 e
1331 2638 1367 2695 q
1393 2617 1527 2676 Am.

1111 2716 1340 2777 sanauit
1366 2716 1473 2795 bf

825 2830 920 2893 35.
961 2815 1218 2877 diluculo
1247 2832 1495 2891 surgens
1524 2814 1664 2873 abiit
1691 2814 1724 2874 b
1751 2814 1796 2872 d
1815 2834 1851 2891 q
1871 2810 2065 2894 (exa).

1106 2912 1360 2973 diluculo
1393 2912 1566 2973 ualde
1603 2930 1849 2990 surgens
1888 2929 2085 2989 egres-

1191 3030 1293 3073 sus
1320 3012 1458 3072 abiit
1467 3012 1534 3089 f
1547 3011 1682 3071 Am.

1107 3110 1298 3189 prima
1325 3109 1456 3170 luce
1485 3110 1626 3170 exiit
1652 3118 1710 3169 et
1738 3110 1876 3170 abiit
1902 3130 1955 3170 a.

1107 3218 1243 3269 ante
1271 3208 1464 3268 lucem
1493 3225 1741 3285 surgens
1770 3208 1910 3269 abiit
1933 3228 1976 3269 e.

826 3430 921 3504 38.
961 3425 1038 3487 ad
1060 3424 1482 3505 predicandum
1501 3444 1538 3501 q
1559 3421 1704 3507 (also
1707 3424 1914 3505 found
1925 3428 1987 3487 in
2008 3425 2088 3507 r).

1107 3533 1172 3583 ut
1199 3533 1256 3583 et
1281 3524 1361 3583 ibi
1389 3523 1722 3602 praedicem
1750 3543 1788 3583 a
1816 3524 1861 3582 d
1859 3524 1926 3601 f
1933 3525 2067 3585 Am.

1106 3620 1439 3699 praedicare
1468 3620 1500 3679 b
1526 3641 1568 3679 e.

825 3740 922 3798 39.
966 3721 1027 3780 in
1057 3720 1374 3798 synagogis
1408 3718 1651 3797 galileae
1681 3720 1714 3779 b
1741 3738 1794 3797 q.

1106 3818 1167 3877 in
1195 3836 1320 3896 syn.
1349 3836 1552 3878 eorum
1581 3818 1642 3877 in
1671 3835 1913 3878 omnem
1941 3818 2086 3897 gali-

1188 3916 1379 3975 laeam
1405 3935 1445 3975 a
1471 3915 1516 3973 d
1536 3912 1791 3995 (totam),
1813 3914 1941 3995 (per
1961 3934 2088 3978 om·

1185 4010 1424 4093 nem)f.

1110 4113 1170 4170 in
1208 4112 1485 4172 omnibus
1523 4130 1649 4190 syn.
1685 4113 1746 4171 in
1783 4122 1907 4173 tota
1943 4114 2087 4191 gali-

1149 4230 1154 4235 ·
1194 4208 1323 4269 laea
1348 4229 1392 4271 e.

967 4308 1028 4369 in
1058 4325 1182 4387 syn.
1203 4324 1406 4369 eorum
1429 4317 1487 4369 et
1506 4308 1668 4369 omni
1695 4308 1939 4388 galilaea
1953 4307 2090 4371 Am.

2430 748 2461 806 f
2479 768 2521 826 q
2536 768 2637 807 are
2654 749 2863 824 agreed
2881 749 3116 826 agathi-t
3130 747 3284 808 other
3298 747 3490 808 Euro·

2422 857 2570 924 pean
2595 853 2761 909 texts.

2272 2133 2327 2188 6.
2386 2142 2439 2199 4-
2451 2140 2509 2190 et
2529 2149 2679 2192 zona
2695 2130 2921 2209 pellicia
2942 2130 3098 2191 circa
3114 2089 3491 2190 lumbos-eius

2571 2230 2691 2308 sq
2715 2229 2851 2292 Am.

2514 2347 2616 2387 om.
2644 2349 2682 2387 a
2709 2329 2742 2389 b
2766 2331 2823 2390 d.

2234 2819 2326 2877 34.
2370 2798 2595 2861 sinebat
2620 2798 2666 2859 d
2683 2820 2711 2859 e
2711 2800 2782 2878 f
2793 2820 2829 2879 q
2857 2800 2991 2862 Am.

2510 2898 2829 2975 patiebatur
2855 2919 2896 2958 a
2922 2899 2972 2959 b.

2235 3306 2328 3370 37.
2371 3308 2509 3353 cum
2556 3288 2914 3352 inuenissent
2960 3307 3097 3351 eum
3146 3289 3346 3353 dicunt
3398 3290 3493 3372 (or

2598 3386 2893 3468 dixerunt)
2930 3388 2984 3449 ei
3018 3388 3111 3471 (or
3143 3386 3245 3472 illi)
3277 3410 3317 3450 a
3344 3389 3390 3450 d
3410 3386 3489 3472 (e)

2570 3491 2687 3569 sq
2714 3486 2848 3549 Am.

2517 3586 2775 3649 dicentes
2802 3586 2881 3647 illi
2908 3584 2961 3648 b.
