4373 5048
560 351 719 401 xxv.
744 350 1040 401 26-xxv1.
1061 346 1138 411 6.]
1822 340 1957 399 MA
1974 330 2294 402 TTHEIJ
2310 373 2324 387 .
3482 363 3521 429 3
3525 355 3567 428 5

273 527 402 578 1¹01.
421 529 517 579 08.
562 514 622 565 et
648 506 813 584 piger
831 537 845 552 ·
892 505 1023 565 Scie
1313 512 1578 581 segregat
1605 521 1750 563 oues
2113 506 2175 563 in
2204 522 2495 565 carcerem
2522 514 2581 565 et
2864 506 2910 541 ⁴⁸
2932 506 3108 567 Tunc
3135 508 3428 586 responde
3591 514 3716 564 rol.
3732 515 3840 569 eo.-

562 601 669 659 bas
696 599 856 676 quod
884 608 1043 658 meto
1311 606 1511 672 pastor
1538 598 1615 656 ab
1642 593 1806 657 hedis
1829 629 1844 644 ·
2112 599 2381 657 uenimus
2409 599 2485 658 ad
2510 608 2570 658 te
2862 601 2948 660 bit
2973 601 3082 660 illis
3108 601 3310 663 dicens
3331 634 3346 650 ·

558 694 659 753 ubi
685 712 807 753 non
835 694 1060 753 semino
1079 723 1094 739 ·
1310 689 1355 723 ⁸³
1371 702 1429 750 et
1457 699 1665 750 statuet
1693 708 1835 751 oues
2112 692 2159 724 ⁴⁰
2174 691 2252 751 Et
2278 693 2638 770 respondens
2665 712 2768 753 rex
2865 694 3060 755 Amen
3089 696 3224 756 dico
3249 697 3419 757 uobis
3435 728 3452 745 ·

555 796 614 847 et
642 805 937 864 congrego
964 787 1063 847 ubi
1311 784 1545 861 quidem
1572 784 1648 843 ad
1676 784 1881 844 dextra
2111 786 2264 845 dicet
2291 786 2396 845 illis
2420 817 2435 833 ·
2480 787 2672 846 Amen
2863 789 3143 867 quamdiu
3170 808 3292 849 non
3321 790 3378 850 fe

557 899 681 939 non
708 882 892 957 sparsi
914 912 929 927 ·
974 878 1165 959 ”op0r
1309 895 1476 936 suam
1494 909 1509 924 ·
1552 877 1737 939 hedos
1765 897 1840 938 au
2112 878 2246 939 dico
2272 880 2438 939 uobis
2466 892 2630 956 qua·‘
2861 882 3018 941 cistis
3049 884 3151 941 uni
3178 883 3252 943 de
3281 883 3364 942 mi

555 974 664 1033 tuit
690 993 832 1050 ergo
859 984 915 1034 te
944 992 1079 1035 com
1309 980 1429 1030 tem
1456 971 1533 1030 ad
1562 972 1838 1033 sinistra‘-
1856 1004 1871 1019 ·
2111 972 2210 1032 diu
2235 973 2446 1033 fecistis
2474 975 2574 1033 uni
2863 975 3100 1035 notibus
3126 975 3217 1035 his
3286 994 3400 1038 nec

554 1068 780 1127 mittere
808 1070 1020 1145 pecuni
1306 1064 1352 1097 ³⁴
1370 1065 1544 1125 Tunc
1574 1066 1713 1125 dicit
1739 1084 1841 1126 rex
1870 1066 1960 1127 his
2108 1066 2320 1127 horum
2347 1067 2527 1127 fratrii
2862 1066 3004 1126 mihi
3029 1068 3241 1129 fecistis
3259 1100 3274 1116 ·

553 1178 653 1220 am
679 1179 874 1220 meam
902 1180 1085 1222 numu
1306 1158 1405 1235 qui
1434 1158 1509 1217 ad
1538 1158 1753 1219 dextris
1780 1161 1905 1220 eius
2108 1178 2374 1221 meorum
2401 1159 2546 1219 mini
2862 1160 2906 1193 ⁴⁸
2921 1160 3000 1221 Et
3025 1163 3190 1223 ibunt
3217 1162 3276 1222 hi
3302 1163 3364 1222 in
3391 1181 3510 1242 poe

550 1254 703 1315 latiis
724 1284 741 1301 ·
785 1266 843 1315 et
868 1257 1005 1317 ueni
1306 1261 1439 1311 sunt
1458 1283 1473 1297 ·
1516 1249 1727 1312 Uenite
2107 1272 2337 1315 morum
2366 1254 2508 1313 mihi
2535 1254 2591 1315 se
2861 1272 2970 1315 nas
2997 1266 3263 1316 aeternas
3285 1287 3300 1303 ·
3344 1257 3434 1316 ius

548 1366 656 1409 ens
682 1368 796 1427 ego
822 1352 1045 1429 recepis
1305 1345 1595 1405 benedicti
1623 1344 1802 1423 patris
2108 1347 2268 1408 cistis
2289 1378 2304 1395 ·
2368 1347 2412 1381 ⁴¹
2432 1347 2606 1408 Tunc
2858 1347 2902 1406 ti
2931 1357 3129 1408 autem
3155 1349 3218 1408 in
3244 1349 3413 1408 uita-

552 1460 677 1502 sem
704 1462 903 1503 meum
937 1464 1075 1505 cum
1306 1440 1421 1498 mei
1441 1471 1456 1486 ·
1500 1442 1793 1518 possidete
2108 1441 2246 1501 dicit
2273 1449 2334 1500 et
2359 1442 2444 1500 eis
2471 1442 2572 1519 qui
2599 1441 2678 1503 ad
2983 1451 3278 1501 aeternam
3301 1472 3318 1489 ·
3368 1468 3452 1493 -e-

551 1538 739 1597 usuris
762 1568 777 1583 ·
823 1536 867 1571 ²⁸
889 1540 1046 1599 Tolli
1304 1543 1569 1610 paratum
1602 1536 1773 1595 uobis
2107 1535 2407 1595 sinistra-is}
2428 1544 2564 1595 sunt
2823 1532 2962 1596 ¹³26.
3006 1534 3120 1594 ¹Et
3147 1536 3367 1595 factum
3395 1548 3485 1598 est

550 1639 608 1690 te
636 1631 829 1708 itaque
858 1634 934 1692 ab
962 1652 1035 1694 eo
1060 1644 1121 1695 ta
1301 1646 1549 1705 regnum
1576 1630 1811 1688 caelon‘i
1834 1660 1849 1677 ·
2104 1626 2402 1689 Discedite
2431 1648 2466 1689 a
2493 1646 2590 1689 me
2618 1648 2718 1689 ma
2823 1626 3168 1707 *postquam
3197 1647 3313 1689 con

548 1722 771 1785 lentum
790 1757 807 1773 ·
850 1736 905 1787 et
934 1728 1065 1787 date
1302 1739 1339 1781 a
1366 1722 1773 1782 constitutione
2103 1721 2298 1782 ledicti
2325 1723 2388 1782 in
2415 1724 2614 1800 ignem
2823 1721 3168 1783 ¹*summauit
3193 1724 3284 1785 ihs
3308 1755 3324 1772 ·

554 1820 606 1878 ei
634 1820 735 1897 qui
762 1822 895 1880 abet
922 1821 1115 1882 decim
1301 1814 1505 1874 mundi
1524 1845 1537 1862 ·
1602 1814 1648 1847 ³⁵
1664 1816 1853 1875 Esurii
2100 1825 2402 1875 aeternum
2421 1848 2435 1863 ·
2480 1817 2579 1894 qui
2823 1814 2964 1877 *hos
2991 1835 3292 1879 sermones

549 1913 769 1973 talenta
790 1945 805 1961 ·
870 1915 915 1949 ²⁹
932 1916 1114 1977 Omni
1298 1909 1457 1968 enim
1484 1919 1544 1968 et
1570 1907 1805 1969 dedistis
2102 1920 2446 1987 praeparatu
2471 1919 2560 1969 est
2820 1908 3059 1971 *omnes
3077 1942 3092 1957 ·
3136 1911 3297 1974 Dixit

546 2008 705 2067 enim
732 2008 966 2068 habenti
993 2010 1072 2071 da
1298 2003 1443 2061 mihi
1470 2004 1823 2063 manducare
2102 2003 2337 2065 diabolo
2361 2012 2418 2063 et
2446 2022 2600 2079 ange
2853 2004 3149 2083 discipulis
3177 2006 3295 2066 suis
3317 2038 3332 2054 ·

546 2101 696 2159 bitur
724 2111 781 2160 et
810 2103 1047 2163 abunda
1304 2096 1467 2157 Sitiui
1496 2107 1553 2156 et
1581 2097 1821 2157 dedistis
2101 2096 2170 2156 lis
2199 2098 2321 2157 eius
2351 2128 2366 2143 ·
2426 2095 2470 2129 ⁴²
2489 2097 2679 2157 Esurii
2849 2097 2873 2133 ²
2892 2098 3061 2160 Scitis
3090 2100 3226 2177 quia
3253 2111 3388 2177 post
3414 2101 3476 2160 bi

548 2195 630 2254 bit
658 2196 711 2253 ei
731 2226 746 2242 .
790 2198 867 2255 ab
900 2216 974 2257 ρο
1000 2204 1133 2260 aute
1298 2190 1441 2249 mihi
1469 2192 1666 2250 bibere
1688 2222 1703 2237 ·
1726 2224 1811 2238 -
2099 2191 2257 2250 enim
2283 2200 2342 2251 et
2369 2206 2494 2250 non
2521 2190 2594 2249 de
2853 2192 3034 2253 duum
3059 2193 3280 2271 pascha
3309 2196 3350 2254 fi

545 2290 646 2365 qui
674 2308 797 2351 non
824 2290 1000 2351 habet
1300 2283 1495 2361 Ospes
1520 2303 1681 2344 eram
1708 2294 1769 2345 et
1800 2284 1895 2345 col
2099 2283 2262 2344 distis
2287 2284 2428 2343 mihi
2455 2303 2596 2343 man
2851 2294 2910 2345 et
2926 2316 2941 2333 ·
2984 2297 3045 2346 et
3069 2287 3217 2347 filius
3245 2287 3406 2351 homi

547 2416 625 2477 Et
652 2419 811 2496 quod
840 2419 1017 2482 habet
1042 2441 1117 2482 au
1295 2413 1511 2491 legistis
1539 2432 1635 2474 me
1658 2446 1673 2461 ·
1738 2415 1782 2448 ³⁸
1802 2414 1902 2477 Nu
2103 2417 2319 2478 ducare
2344 2449 2359 2465 ·
2407 2416 2570 2477 Sitiui
2853 2416 2942 2476 nis
2970 2418 3224 2477 tradetur
3249 2428 3315 2479 ut

545 2512 756 2573 feretur
783 2516 859 2575 ab
885 2535 959 2575 00
977 2549 992 2563 .
1050 2517 1097 2551 ⁸0
1110 2517 1191 2580 Et
1296 2506 1406 2569 dus
1434 2517 1492 2568 et
1518 2508 1793 2586 operuisti
2099 2522 2157 2572 et
2184 2530 2308 2573 non
2337 2510 2568 2572 dedisti²⁸
2593 2510 2676 2570 mi
2851 2510 3218 2589 crucifigatur
3240 2543 3302 2559 ·-

547 2606 705 2666 hunc
734 2625 991 2686 nequam
1019 2629 1111 2672 ser
1298 2630 1395 2672 me
1419 2645 1434 2660 ·
1479 2613 1751 2674 Infirmus
2100 2606 2160 2664 hi
2188 2617 2395 2682 potum
2415 2635 2430 2651 ·
2494 2605 2540 2638 ⁴⁸
2556 2622 2732 2682 ospes
2849 2603 2874 2638 ⁸
2892 2604 3065 2666 Tunc
3094 2607 3436 2684 congregati

543 2716 689 2759 uum
714 2703 955 2779 proicite
984 2705 1045 2765 fo
1296 2717 1355 2766 et
1380 2708 1651 2767 uisitastis
1678 2726 1774 2769 me
2098 2718 2260 2760 eram
2287 2709 2347 2758 et
2373 2717 2497 2758 non
2525 2700 2621 2758 001
2852 2709 2986 2758 sunt
3013 2699 3304 2777 principes

542 2795 622 2853 ris
648 2795 710 2853 in
738 2798 1009 2858 tenebras
1296 2799 1370 2860 In
1397 2819 1693 2860 carcerem
1720 2812 1779 2862 et
1805 2820 1881 2862 ue
2097 2793 2315 2871 legistis
2343 2810 2438 2852 me
2461 2823 2476 2839 ·
2520 2810 2600 2852 nu
2851 2793 3220 2853 sacerdotum
3246 2802 3306 2853 et

540 2889 851 2949 exteriores
876 2891 954 2950 ibi
982 2912 1017 2952 e
1294 2895 1457 2954 nistis
1484 2894 1559 2954 ad
1586 2913 1681 2954 me
1705 2925 1721 2942 ·
2099 2886 2210 2946 dus
2236 2895 2297 2946 et
2322 2905 2446 2946 non
2471 2904 2660 2964 coope
2849 2887 3070 2946 scribae
3099 2899 3156 2946 et
3183 2889 3348 2950 senio

539 2981 611 3042 rit
639 2983 809 3043 fletus
836 2993 895 3043 et
923 2989 1024 3046 stn'
1292 2987 1339 3022 ⁸⁷
1357 2987 1531 3049 Tunc
1556 2988 1850 3066 responde
2095 2981 2284 3040 ruistis
2311 2997 2408 3039 me
2431 3011 2446 3027 ·
2489 2979 2562 3038 111
2849 2998 2942 3040 res
2971 2981 3170 3059 populi
3193 3013 3206 3028 ·
3251 2983 3310 3042 in
3339 3000 3377 3041 a

537 3076 647 3138 dor
675 3076 935 3138 dentium
958 3112 973 3128 ·
994 3113 1077 3126 —
1143 3153 1154 3162 .
1294 3083 1441 3142 bunt
1467 3083 1520 3142 ei
1546 3083 1678 3141 iusti
1698 3114 1715 3130 ·
1758 3083 1931 3143 dicen
2092 3075 2292 3133 firmus
2321 3074 2465 3134 etin
2493 3091 2594 3134 car
2845 3074 3018 3132 trium
3047 3075 3324 3153 principis

538 3167 620 3234 †⁸²
638 3169 795 3230 Cum
820 3182 1014 3233 autem
1042 3193 1193 3237 uene
1290 3187 1381 3236 tes
1402 3208 1417 3224 .
1461 3176 1575 3236 dne
1603 3177 1842 3253 quando
2092 3185 2288 3227 cerem
2313 3177 2373 3228 et
2401 3184 2525 3227 non
2551 3185 2624 3227 ue
2844 3168 3212 3228 sacerdotum
3232 3200 3248 3216 ·
3287 3170 3388 3246 qui

534 3263 609 3322 rit
634 3263 783 3324 filius
810 3263 1062 3328 hominis
1289 3281 1346 3331 te
1372 3272 1623 3331 uidimus
1648 3271 1801 3330 esuri
2090 3261 2253 3322 nistis
2279 3262 2356 3322 ad
2383 3280 2480 3320 me
2541 3281 2554 3292 ·
2845 3261 3141 3321 dicebatur
3168 3263 3385 3324 caiafas

540 3359 603 3416 in
630 3359 927 3420 maiestate
955 3380 1061 3422 sua
1082 3394 1097 3411 .
1290 3375 1485 3426 entem
1512 3375 1570 3424 et
1597 3364 1867 3442 pauimus
2094 3356 2139 3389 ⁴⁴
2156 3355 2332 3415 Tunc
2358 3353 2651 3433 responde
2847 3355 2962 3415 *Et
2989 3355 3292 3416 consilium
3319 3357 3448 3417 fece

539 3461 600 3512 et
626 3469 834 3512 omnes
862 3457 1056 3532 angeli
1294 3458 1595 3518 Sitientem
1623 3467 1681 3517 et
1706 3467 1847 3534 pota
2092 3451 2239 3509 bunt
2267 3460 2323 3509 et
2351 3450 2462 3526 ipsi
2489 3448 2660 3509 dicen
2845 3461 3014 3514 runt·
3058 3461 3121 3528 ut
3149 3450 3269 3509 ihm
3297 3450 3439 3513 dolo

541 3563 679 3605 cum
706 3565 779 3606 eo
798 3578 813 3594 .
855 3557 993 3608 tunc
1025 3569 1087 3610 se
1290 3552 1482 3612 nimus
1503 3539 1523 3598 .’
1584 3551 1627 3584 ³⁸
1643 3551 1881 3628 quando
2094 3553 2181 3602 tes
2211 3543 2323 3602 dfie
2351 3543 2590 3619 quando
2843 3554 3031 3604 tentes
3058 3545 3387 3605 occiderent
3409 3577 3424 3593 ·

543 3640 703 3700 debit
730 3659 903 3718 super
930 3644 1069 3704 sede
1292 3656 1484 3706 autem
1514 3655 1569 3704 te
1596 3645 1850 3704 uidimus
2094 3646 2151 3696 te
2178 3635 2432 3695 uidimus
2458 3653 2563 3695 esu
2847 3638 2871 3671 ⁸
2887 3638 3181 3698 Dicebant
3207 3650 3405 3699 autem

537 3735 853 3795 maiestatis
882 3755 1020 3797 suae
1042 3768 1059 3784 ·
1292 3740 1541 3816 ospitem
1568 3748 1626 3798 et
1653 3737 1800 3799 colle
2090 3731 2337 3790 rientem
2359 3761 2374 3776 ·
2418 3740 2516 3790 aut
2544 3729 2594 3790 si
2847 3750 2970 3792 non
2997 3733 3059 3791 in
3087 3733 3243 3792 diem
3270 3733 3487 3794 festu-

535 3827 583 3863 ⁸²
599 3837 657 3886 et
685 3831 1101 3906 congregabun
1292 3835 1483 3911 gimus
1506 3863 1522 3880 .
1565 3833 1686 3892 Aut
1715 3849 1795 3891 nu
2090 3825 2330 3884 tientem
2353 3855 2368 3870 ·
2410 3835 2510 3883 aut
2536 3842 2606 3884 os
2843 3836 2908 3886 ut
2935 3843 3060 3885 non
3086 3826 3362 3887 tumultus

537 3932 631 3982 tur
658 3930 793 3981 ante
821 3940 959 3982 eum
1292 3927 1433 3987 dum
1460 3935 1519 3985 et
1545 3925 1817 4002 cooperui
2090 3919 2270 3996 pitem
2292 3949 2308 3964 ·
2351 3927 2451 3978 aut
2477 3918 2639 3978 nudss
2843 3920 2943 3979 fiat
2970 3921 3032 3978 in
3058 3919 3278 3998 populo
3296 3951 3312 3968 ·

541 4033 751 4076 omnes
777 4026 981 4094 gentes
1003 4049 1017 4064 ·
1050 4013 1119 4080 'et
1290 4037 1422 4079 mus
1444 4050 1459 4066 ·
1522 4018 1568 4052 ⁸⁹
1586 4016 1846 4090 Quando
1872 4035 1949 4076 au
2090 4023 2189 4072 aut
2217 4011 2512 4072 infirmum
2530 4043 2546 4058 ·
2842 4015 2864 4047 ⁶
2883 4014 3038 4075 Cum
3065 4024 3260 4074 autem
3286 4025 3440 4075 esset
3459 4014 3549 4076 ihs

538 4111 828 4188 separabit
852 4130 955 4171 eos
982 4115 1059 4172 ab
1290 4125 1409 4173 tem
1438 4123 1493 4172 te
1520 4112 1772 4172 uidimus
2090 4115 2191 4164 aut
2217 4106 2279 4165 in
2315 4123 2608 4166 carcerem
2844 4110 2905 4167 in
2932 4108 3206 4168 bethania
3223 4139 3239 4156 ·
3281 4111 3342 4168 in
3371 4108 3450 4169 do

538 4204 747 4265 iuicem
770 4236 785 4252 ·
829 4205 975 4267 sicut
1286 4208 1579 4267 infirmum
1606 4213 1707 4266 aut
2088 4208 2147 4259 et
2173 4217 2297 4261 non
2325 4199 2713 4259 mistrauimus
2843 4219 3006 4262 mum
3035 4201 3276 4266 simonis
3309 4202 3366 4261 le

2614 4294 2714 4354 tibi
3131 4328 3168 4369 2
3200 4327 3231 4370 2
