<?xml version="1.0" encoding="UTF-8"?>
<!DOCTYPE html PUBLIC "-//W3C//DTD XHTML 1.0 Transitional//EN"
    "http://www.w3.org/TR/xhtml1/DTD/xhtml1-transitional.dtd">
<html xmlns="http://www.w3.org/1999/xhtml" xml:lang="en" lang="en">
 <head>
  <title>
</title>
<meta http-equiv="Content-Type" content="text/html;charset=utf-8" />
  <meta name='ocr-system' content='tesseract 3.04.00' />
  <meta name='ocr-capabilities' content='ocr_page ocr_carea ocr_par ocr_line ocrx_word'/>
</head>
<body>
  <div class='ocr_page' id='page_1' title='image "./fourgospelsfrom00wordgoog_0124.png"; bbox 0 0 4373 5048; ppageno 0'>
   <div class='ocr_carea' id='block_1_1' title="bbox 774 245 3790 364">
    <p class='ocr_par' dir='ltr' id='par_1_1' title="bbox 774 245 3790 364">
     <span class='ocr_line' id='line_1_1' title="bbox 774 245 3790 364; baseline 0.001 -19"><span class='ocrx_word' id='word_1_1' title='bbox 774 283 859 349; x_wconf 85' lang='lat'><strong>62</strong></span> <span class='ocrx_word' id='word_1_2' title='bbox 1522 245 1527 249; x_wconf 37' lang='lat'>⁵</span> <span class='ocrx_word' id='word_1_3' title='bbox 2050 274 2524 349; x_wconf 72' lang='lat' dir='ltr'><strong>SECUNDtJ·</strong></span> <span class='ocrx_word' id='word_1_4' title='bbox 3433 293 3604 359; x_wconf 83' lang='lat' dir='ltr'><strong>[xm.</strong></span> <span class='ocrx_word' id='word_1_5' title='bbox 3627 311 3790 364; x_wconf 71' lang='lat'>3-33.</span> 
     </span>
    </p>
   </div>
   <div class='ocr_carea' id='block_1_2' title="bbox 475 452 4106 4121">
    <p class='ocr_par' dir='ltr' id='par_1_2' title="bbox 475 452 4106 4121">
     <span class='ocr_line' id='line_1_2' title="bbox 475 452 4106 533; baseline -0.001 -18"><span class='ocrx_word' id='word_1_6' title='bbox 475 467 599 517; x_wconf 60' lang='grc' dir='ltr'><strong>τοι.</strong></span> <span class='ocrx_word' id='word_1_7' title='bbox 620 467 750 517; x_wconf 74' lang='lat'><strong>288.</strong></span> <span class='ocrx_word' id='word_1_8' title='bbox 771 453 851 515; x_wconf 87' lang='lat' dir='ltr'><strong>illi</strong></span> <span class='ocrx_word' id='word_1_9' title='bbox 877 464 1033 533; x_wconf 77' lang='lat' dir='ltr'><strong>p⁸ter</strong></span> <span class='ocrx_word' id='word_1_10' title='bbox 1062 456 1123 515; x_wconf 91' lang='lat' dir='ltr'><strong>in</strong></span> <span class='ocrx_word' id='word_1_11' title='bbox 1152 472 1331 515; x_wconf 88' lang='lat' dir='ltr'><strong>manu</strong></span> <span class='ocrx_word' id='word_1_12' title='bbox 1349 487 1364 502; x_wconf 92' lang='lat'><strong>·</strong></span> <span class='ocrx_word' id='word_1_13' title='bbox 1400 453 1478 514; x_wconf 92' lang='lat' dir='ltr'><strong>Et</strong></span> <span class='ocrx_word' id='word_1_14' title='bbox 1526 454 1746 514; x_wconf 87' lang='lat' dir='ltr'><strong>diturus</strong></span> <span class='ocrx_word' id='word_1_15' title='bbox 1772 463 1896 514; x_wconf 86' lang='lat' dir='ltr'><strong>erat</strong></span> <span class='ocrx_word' id='word_1_16' title='bbox 1922 472 2060 515; x_wconf 87' lang='lat' dir='ltr'><strong>eum</strong></span> <span class='ocrx_word' id='word_1_17' title='bbox 2080 486 2095 503; x_wconf 90' lang='lat'><strong>·</strong></span> <span class='ocrx_word' id='word_1_18' title='bbox 2332 454 2466 515; x_wconf 91' lang='lat' dir='ltr'><strong>dico</strong></span> <span class='ocrx_word' id='word_1_19' title='bbox 2493 457 2661 517; x_wconf 88' lang='lat' dir='ltr'><strong>uobis</strong></span> <span class='ocrx_word' id='word_1_20' title='bbox 2687 456 2844 533; x_wconf 90' lang='lat' dir='ltr'><strong>prius</strong></span> <span class='ocrx_word' id='word_1_21' title='bbox 3085 452 3263 513; x_wconf 87' lang='lat' dir='ltr'><strong>Tunc</strong></span> <span class='ocrx_word' id='word_1_22' title='bbox 3291 455 3521 515; x_wconf 84' lang='lat' dir='ltr'><strong>intrauit</strong></span> <span class='ocrx_word' id='word_1_23' title='bbox 3549 456 3609 514; x_wconf 88' lang='lat' dir='ltr'><strong>in</strong></span> <span class='ocrx_word' id='word_1_24' title='bbox 3815 462 3944 511; x_wconf 65' lang='grc' dir='ltr'><strong>ποι,</strong></span> <span class='ocrx_word' id='word_1_25' title='bbox 3965 462 4106 511; x_wconf 73' lang='lat'><strong>284.</strong></span> 
     </span>
     <span class='ocr_line' id='line_1_3' title="bbox 772 548 3626 627; baseline 0.001 -20"><span class='ocrx_word' id='word_1_26' title='bbox 772 550 965 627; x_wconf 84' lang='lat' dir='ltr'><strong>quiaa</strong></span> <span class='ocrx_word' id='word_1_27' title='bbox 986 549 1066 610; x_wconf 82' lang='grc' dir='ltr'><strong>(ἱό</strong></span> <span class='ocrx_word' id='word_1_28' title='bbox 1088 550 1291 609; x_wconf 88' lang='lat' dir='ltr'><strong>exiuit·</strong></span> <span class='ocrx_word' id='word_1_29' title='bbox 1323 560 1382 610; x_wconf 87' lang='lat' dir='ltr'><strong>et</strong></span> <span class='ocrx_word' id='word_1_30' title='bbox 1402 548 1476 609; x_wconf 85' lang='lat' dir='ltr'><strong>ad</strong></span> <span class='ocrx_word' id='word_1_31' title='bbox 1525 558 1835 627; x_wconf 87' lang='lat' dir='ltr'><strong>propterea</strong></span> <span class='ocrx_word' id='word_1_32' title='bbox 1861 548 2007 609; x_wconf 88' lang='lat' dir='ltr'><strong>dixit</strong></span> <span class='ocrx_word' id='word_1_33' title='bbox 2331 566 2511 626; x_wconf 87' lang='lat' dir='ltr'><strong>quam</strong></span> <span class='ocrx_word' id='word_1_34' title='bbox 2539 549 2640 609; x_wconf 87' lang='lat' dir='ltr'><strong>fiat</strong></span> <span class='ocrx_word' id='word_1_35' title='bbox 2657 581 2672 597; x_wconf 90' lang='lat'><strong>·</strong></span> <span class='ocrx_word' id='word_1_36' title='bbox 2735 560 2798 608; x_wconf 88' lang='lat' dir='ltr'><strong>ut</strong></span> <span class='ocrx_word' id='word_1_37' title='bbox 2824 567 2961 609; x_wconf 87' lang='lat' dir='ltr'><strong>cum</strong></span> <span class='ocrx_word' id='word_1_38' title='bbox 3083 566 3222 608; x_wconf 87' lang='lat' dir='ltr'><strong>eum</strong></span> <span class='ocrx_word' id='word_1_39' title='bbox 3252 559 3486 609; x_wconf 84' lang='lat' dir='ltr'><strong>satanas</strong></span> <span class='ocrx_word' id='word_1_40' title='bbox 3509 582 3523 597; x_wconf 93' lang='lat'><strong>·</strong></span> <span class='ocrx_word' id='word_1_41' title='bbox 3567 550 3626 609; x_wconf 89' lang='lat' dir='ltr'><strong>di</strong></span> 
     </span>
     <span class='ocr_line' id='line_1_4' title="bbox 771 640 3558 720; baseline 0 -18"><span class='ocrx_word' id='word_1_42' title='bbox 771 642 875 702; x_wconf 76' lang='grc' dir='ltr'><strong>ἀῶ</strong></span> <span class='ocrx_word' id='word_1_43' title='bbox 902 642 1065 703; x_wconf 88' lang='lat' dir='ltr'><strong>uadit</strong></span> <span class='ocrx_word' id='word_1_44' title='bbox 1084 674 1097 689; x_wconf 94' lang='lat'><strong>·</strong></span> <span class='ocrx_word' id='word_1_45' title='bbox 1120 674 1135 689; x_wconf 90' lang='lat'><strong>·</strong></span> <span class='ocrx_word' id='word_1_46' title='bbox 1166 644 1189 677; x_wconf 86' lang='lat'><strong>⁴</strong></span> <span class='ocrx_word' id='word_1_47' title='bbox 1209 642 1420 703; x_wconf 88' lang='lat' dir='ltr'><strong>Surrex</strong></span> <span class='ocrx_word' id='word_1_48' title='bbox 1525 642 1687 720; x_wconf 93' lang='lat' dir='ltr'><strong>quod</strong></span> <span class='ocrx_word' id='word_1_49' title='bbox 1717 661 1841 702; x_wconf 90' lang='lat' dir='ltr'><strong>non</strong></span> <span class='ocrx_word' id='word_1_50' title='bbox 1868 658 2083 703; x_wconf 88' lang='lat' dir='ltr'><strong>omnes</strong></span> <span class='ocrx_word' id='word_1_51' title='bbox 2328 640 2546 701; x_wconf 83' lang='lat' dir='ltr'><strong>factum</strong></span> <span class='ocrx_word' id='word_1_52' title='bbox 2575 641 2746 703; x_wconf 84' lang='lat' dir='ltr'><strong>fuerit</strong></span> <span class='ocrx_word' id='word_1_53' title='bbox 2769 661 2870 702; x_wconf 88' lang='lat' dir='ltr'><strong>cre</strong></span> <span class='ocrx_word' id='word_1_54' title='bbox 3083 642 3163 702; x_wconf 91' lang='lat' dir='ltr'><strong>cit</strong></span> <span class='ocrx_word' id='word_1_55' title='bbox 3188 661 3332 719; x_wconf 88' lang='lat' dir='ltr'><strong>ergo</strong></span> <span class='ocrx_word' id='word_1_56' title='bbox 3359 643 3438 701; x_wconf 91' lang='lat' dir='ltr'><strong>illi</strong></span> <span class='ocrx_word' id='word_1_57' title='bbox 3467 644 3558 703; x_wconf 80' lang='lat' dir='ltr'><strong>ihs</strong></span> 
     </span>
     <span class='ocr_line' id='line_1_5' title="bbox 772 733 3625 815; baseline 0.001 -20"><span class='ocrx_word' id='word_1_58' title='bbox 772 738 818 795; x_wconf 90' lang='lat' dir='ltr'><strong>it</strong></span> <span class='ocrx_word' id='word_1_59' title='bbox 847 736 923 795; x_wconf 93' lang='lat' dir='ltr'><strong>de</strong></span> <span class='ocrx_word' id='word_1_60' title='bbox 952 753 1103 797; x_wconf 88' lang='lat' dir='ltr'><strong>cena</strong></span> <span class='ocrx_word' id='word_1_61' title='bbox 1129 745 1188 796; x_wconf 90' lang='lat' dir='ltr'><strong>et</strong></span> <span class='ocrx_word' id='word_1_62' title='bbox 1215 738 1411 815; x_wconf 86' lang='lat' dir='ltr'><strong>posuit</strong></span> <span class='ocrx_word' id='word_1_63' title='bbox 1525 736 1731 796; x_wconf 88' lang='lat' dir='ltr'><strong>mundi</strong></span> <span class='ocrx_word' id='word_1_64' title='bbox 1758 736 1899 797; x_wconf 89' lang='lat' dir='ltr'><strong>estis</strong></span> <span class='ocrx_word' id='word_1_65' title='bbox 1917 768 1932 783; x_wconf 93' lang='lat'><strong>·</strong></span> <span class='ocrx_word' id='word_1_66' title='bbox 1964 769 1979 785; x_wconf 90' lang='lat'><strong>·</strong></span> <span class='ocrx_word' id='word_1_67' title='bbox 2329 733 2478 795; x_wconf 83' lang='lat' dir='ltr'><strong>datis</strong></span> <span class='ocrx_word' id='word_1_68' title='bbox 2506 736 2644 813; x_wconf 85' lang='lat' dir='ltr'><strong>quia</strong></span> <span class='ocrx_word' id='word_1_69' title='bbox 2670 754 2788 814; x_wconf 89' lang='lat' dir='ltr'><strong>ego</strong></span> <span class='ocrx_word' id='word_1_70' title='bbox 2817 754 2947 796; x_wconf 86' lang='lat' dir='ltr'><strong>sum</strong></span> <span class='ocrx_word' id='word_1_71' title='bbox 2971 768 2985 783; x_wconf 94' lang='lat'><strong>·</strong></span> <span class='ocrx_word' id='word_1_72' title='bbox 3083 735 3248 813; x_wconf 91' lang='lat' dir='ltr'><strong>quod</strong></span> <span class='ocrx_word' id='word_1_73' title='bbox 3275 736 3420 797; x_wconf 88' lang='lat' dir='ltr'><strong>facis</strong></span> <span class='ocrx_word' id='word_1_74' title='bbox 3449 737 3542 797; x_wconf 85' lang='lat' dir='ltr'><strong>fac</strong></span> <span class='ocrx_word' id='word_1_75' title='bbox 3571 738 3625 798; x_wconf 92' lang='lat' dir='ltr'><strong>ci</strong></span> 
     </span>
     <span class='ocr_line' id='line_1_6' title="bbox 770 826 3700 909; baseline 0 -21"><span class='ocrx_word' id='word_1_76' title='bbox 770 829 1121 890; x_wconf 86' lang='lat' dir='ltr'><strong>uestimenta</strong></span> <span class='ocrx_word' id='word_1_77' title='bbox 1148 848 1255 890; x_wconf 85' lang='lat' dir='ltr'><strong>sua</strong></span> <span class='ocrx_word' id='word_1_78' title='bbox 1273 861 1289 877; x_wconf 90' lang='lat'><strong>·</strong></span> <span class='ocrx_word' id='word_1_79' title='bbox 1352 830 1431 889; x_wconf 92' lang='lat' dir='ltr'><strong>Et</strong></span> <span class='ocrx_word' id='word_1_80' title='bbox 1524 828 1723 890; x_wconf 80' lang='lat' dir='ltr'><strong>²¹Cum</strong></span> <span class='ocrx_word' id='word_1_81' title='bbox 1744 848 1887 909; x_wconf 91' lang='lat' dir='ltr'><strong>ergo</strong></span> <span class='ocrx_word' id='word_1_82' title='bbox 1904 826 2133 892; x_wconf 67' lang='lat' dir='ltr'><strong>lauisset</strong></span> <span class='ocrx_word' id='word_1_83' title='bbox 2149 849 2227 909; x_wconf 86' lang='lat' dir='ltr'><strong>pe</strong></span> <span class='ocrx_word' id='word_1_84' title='bbox 2327 826 2570 888; x_wconf 64' lang='lat' dir='ltr'><strong>”Amen</strong></span> <span class='ocrx_word' id='word_1_85' title='bbox 2592 847 2766 890; x_wconf 87' lang='lat' dir='ltr'><strong>amen</strong></span> <span class='ocrx_word' id='word_1_86' title='bbox 2788 829 2925 890; x_wconf 91' lang='lat' dir='ltr'><strong>dico</strong></span> <span class='ocrx_word' id='word_1_87' title='bbox 2951 848 3033 890; x_wconf 91' lang='lat' dir='ltr'><strong>uo</strong></span> <span class='ocrx_word' id='word_1_88' title='bbox 3083 830 3197 889; x_wconf 90' lang='lat' dir='ltr'><strong>tius</strong></span> <span class='ocrx_word' id='word_1_89' title='bbox 3220 860 3235 875; x_wconf 91' lang='lat'><strong>·</strong></span> <span class='ocrx_word' id='word_1_90' title='bbox 3295 827 3338 863; x_wconf 78' lang='lat'><strong>²⁸</strong></span> <span class='ocrx_word' id='word_1_91' title='bbox 3356 829 3473 890; x_wconf 89' lang='lat' dir='ltr'><strong>hoc</strong></span> <span class='ocrx_word' id='word_1_92' title='bbox 3501 840 3700 891; x_wconf 88' lang='lat' dir='ltr'><strong>autem</strong></span> 
     </span>
     <span class='ocr_line' id='line_1_7' title="bbox 770 920 3565 1002; baseline 0 -19"><span class='ocrx_word' id='word_1_93' title='bbox 770 922 981 983; x_wconf 87' lang='lat' dir='ltr'><strong>tollens</strong></span> <span class='ocrx_word' id='word_1_94' title='bbox 1010 924 1255 984; x_wconf 88' lang='lat' dir='ltr'><strong>linteum</strong></span> <span class='ocrx_word' id='word_1_95' title='bbox 1282 943 1385 1002; x_wconf 91' lang='lat' dir='ltr'><strong>pre</strong></span> <span class='ocrx_word' id='word_1_96' title='bbox 1524 922 1631 983; x_wconf 87' lang='lat' dir='ltr'><strong>des</strong></span> <span class='ocrx_word' id='word_1_97' title='bbox 1661 941 1865 984; x_wconf 89' lang='lat' dir='ltr'><strong>eorum</strong></span> <span class='ocrx_word' id='word_1_98' title='bbox 1892 934 1951 984; x_wconf 87' lang='lat' dir='ltr'><strong>et</strong></span> <span class='ocrx_word' id='word_1_99' title='bbox 1976 943 2047 986; x_wconf 84' lang='lat' dir='ltr'><strong>ac</strong></span> <span class='ocrx_word' id='word_1_100' title='bbox 2329 923 2422 982; x_wconf 87' lang='lat' dir='ltr'><strong>bis</strong></span> <span class='ocrx_word' id='word_1_101' title='bbox 2441 953 2456 969; x_wconf 91' lang='lat'><strong>·</strong></span> <span class='ocrx_word' id='word_1_102' title='bbox 2519 924 2620 1001; x_wconf 90' lang='lat' dir='ltr'><strong>qui</strong></span> <span class='ocrx_word' id='word_1_103' title='bbox 2649 920 2940 1001; x_wconf 68' lang='lat' dir='ltr'><strong>acceperit</strong></span> <span class='ocrx_word' id='word_1_104' title='bbox 3082 941 3261 983; x_wconf 88' lang='lat' dir='ltr'><strong>nemo</strong></span> <span class='ocrx_word' id='word_1_105' title='bbox 3287 923 3565 985; x_wconf 86' lang='lat' dir='ltr'><strong>intellexit</strong></span> 
     </span>
     <span class='ocr_line' id='line_1_8' title="bbox 770 1016 3578 1095; baseline 0.001 -20"><span class='ocrx_word' id='word_1_106' title='bbox 770 1016 953 1075; x_wconf 86' lang='lat' dir='ltr'><strong>cinxit</strong></span> <span class='ocrx_word' id='word_1_107' title='bbox 981 1035 1047 1077; x_wconf 84' lang='lat' dir='ltr'><strong>se</strong></span> <span class='ocrx_word' id='word_1_108' title='bbox 1066 1048 1081 1064; x_wconf 92' lang='lat'><em>·</em></span> <span class='ocrx_word' id='word_1_109' title='bbox 1142 1016 1165 1051; x_wconf 82' lang='lat'>⁸</span> <span class='ocrx_word' id='word_1_110' title='bbox 1182 1017 1414 1077; x_wconf 85' lang='lat' dir='ltr'><strong>Deinde</strong></span> <span class='ocrx_word' id='word_1_111' title='bbox 1524 1018 1681 1095; x_wconf 89' lang='lat' dir='ltr'><strong>cepit</strong></span> <span class='ocrx_word' id='word_1_112' title='bbox 1708 1018 1963 1079; x_wconf 59' lang='lat' dir='ltr'><strong>assuesti</strong></span> <span class='ocrx_word' id='word_1_113' title='bbox 2328 1034 2514 1075; x_wconf 87' lang='lat' dir='ltr'><strong>unum</strong></span> <span class='ocrx_word' id='word_1_114' title='bbox 2541 1035 2718 1094; x_wconf 90' lang='lat' dir='ltr'><strong>quem</strong></span> <span class='ocrx_word' id='word_1_115' title='bbox 2745 1018 2892 1078; x_wconf 88' lang='lat' dir='ltr'><strong>mise</strong></span> <span class='ocrx_word' id='word_1_116' title='bbox 3083 1034 3158 1076; x_wconf 89' lang='lat' dir='ltr'><strong>ex</strong></span> <span class='ocrx_word' id='word_1_117' title='bbox 3187 1016 3578 1077; x_wconf 87' lang='lat' dir='ltr'><strong>discumbenti</strong></span> 
     </span>
     <span class='ocr_line' id='line_1_9' title="bbox 770 1106 3581 1190; baseline -0 -21"><span class='ocrx_word' id='word_1_118' title='bbox 770 1106 926 1170; x_wconf 67' lang='lat' dir='ltr'><strong>misit</strong></span> <span class='ocrx_word' id='word_1_119' title='bbox 944 1129 1163 1189; x_wconf 85' lang='lat' dir='ltr'><strong>aquam</strong></span> <span class='ocrx_word' id='word_1_120' title='bbox 1184 1112 1243 1171; x_wconf 86' lang='lat' dir='ltr'><strong>in</strong></span> <span class='ocrx_word' id='word_1_121' title='bbox 1263 1110 1431 1190; x_wconf 70' lang='lat' dir='ltr'><strong>pelue</strong></span> <span class='ocrx_word' id='word_1_122' title='bbox 1457 1143 1471 1159; x_wconf 91' lang='lat'><strong>·</strong></span> <span class='ocrx_word' id='word_1_123' title='bbox 1523 1120 1723 1171; x_wconf 83' lang='lat' dir='ltr'><strong>menta</strong></span> <span class='ocrx_word' id='word_1_124' title='bbox 1750 1129 1855 1173; x_wconf 81' lang='lat' dir='ltr'><strong>sua</strong></span> <span class='ocrx_word' id='word_1_125' title='bbox 1881 1121 1941 1172; x_wconf 88' lang='lat' dir='ltr'><strong>et</strong></span> <span class='ocrx_word' id='word_1_126' title='bbox 1968 1130 2029 1172; x_wconf 90' lang='lat' dir='ltr'><strong>re</strong></span> <span class='ocrx_word' id='word_1_127' title='bbox 2329 1128 2396 1169; x_wconf 92' lang='lat' dir='ltr'><strong>ro</strong></span> <span class='ocrx_word' id='word_1_128' title='bbox 2425 1128 2521 1170; x_wconf 88' lang='lat' dir='ltr'><strong>me</strong></span> <span class='ocrx_word' id='word_1_129' title='bbox 2549 1112 2773 1188; x_wconf 84' lang='lat' dir='ltr'><strong>accepit</strong></span> <span class='ocrx_word' id='word_1_130' title='bbox 2790 1143 2805 1158; x_wconf 90' lang='lat'><strong>·</strong></span> <span class='ocrx_word' id='word_1_131' title='bbox 3083 1110 3196 1169; x_wconf 90' lang='lat' dir='ltr'><strong>bus</strong></span> <span class='ocrx_word' id='word_1_132' title='bbox 3223 1127 3407 1188; x_wconf 88' lang='lat' dir='ltr'><strong>quare</strong></span> <span class='ocrx_word' id='word_1_133' title='bbox 3436 1110 3581 1171; x_wconf 84' lang='lat' dir='ltr'><strong>dixit</strong></span> 
     </span>
     <span class='ocr_line' id='line_1_10' title="bbox 770 1200 3724 1283; baseline 0 -20"><span class='ocrx_word' id='word_1_134' title='bbox 770 1213 830 1263; x_wconf 92' lang='lat' dir='ltr'><strong>et</strong></span> <span class='ocrx_word' id='word_1_135' title='bbox 858 1205 1051 1281; x_wconf 87' lang='lat' dir='ltr'><strong>coepit</strong></span> <span class='ocrx_word' id='word_1_136' title='bbox 1076 1205 1270 1265; x_wconf 82' lang='lat' dir='ltr'><strong>lauare</strong></span> <span class='ocrx_word' id='word_1_137' title='bbox 1298 1224 1375 1283; x_wconf 91' lang='lat' dir='ltr'><strong>pe</strong></span> <span class='ocrx_word' id='word_1_138' title='bbox 1522 1205 1809 1265; x_wconf 85' lang='lat' dir='ltr'><strong>cumbens</strong></span> <span class='ocrx_word' id='word_1_139' title='bbox 1834 1206 1981 1265; x_wconf 83' lang='lat' dir='ltr'><strong>iterii</strong></span> <span class='ocrx_word' id='word_1_140' title='bbox 2330 1202 2450 1277; x_wconf 82' lang='lat' dir='ltr'><strong>Qui</strong></span> <span class='ocrx_word' id='word_1_141' title='bbox 2477 1214 2672 1265; x_wconf 85' lang='lat' dir='ltr'><strong>autem</strong></span> <span class='ocrx_word' id='word_1_142' title='bbox 2700 1224 2798 1265; x_wconf 88' lang='lat' dir='ltr'><strong>me</strong></span> <span class='ocrx_word' id='word_1_143' title='bbox 2825 1223 2964 1267; x_wconf 83' lang='lat' dir='ltr'><strong>acce</strong></span> <span class='ocrx_word' id='word_1_144' title='bbox 3082 1201 3201 1262; x_wconf 88' lang='lat' dir='ltr'><strong>hoc</strong></span> <span class='ocrx_word' id='word_1_145' title='bbox 3225 1234 3240 1249; x_wconf 93' lang='lat'><strong>·</strong></span> <span class='ocrx_word' id='word_1_146' title='bbox 3299 1200 3344 1237; x_wconf 76' lang='lat'><strong>²⁹</strong></span> <span class='ocrx_word' id='word_1_147' title='bbox 3360 1204 3599 1281; x_wconf 89' lang='lat' dir='ltr'><strong>quidem</strong></span> <span class='ocrx_word' id='word_1_148' title='bbox 3627 1212 3724 1265; x_wconf 83' lang='lat' dir='ltr'><strong>eni</strong></span> 
     </span>
     <span class='ocr_line' id='line_1_11' title="bbox 770 1296 3531 1377; baseline 0 -21"><span class='ocrx_word' id='word_1_149' title='bbox 770 1297 878 1357; x_wconf 89' lang='lat' dir='ltr'><strong>des</strong></span> <span class='ocrx_word' id='word_1_150' title='bbox 905 1296 1323 1377; x_wconf 85' lang='lat' dir='ltr'><strong>discipulorum</strong></span> <span class='ocrx_word' id='word_1_151' title='bbox 1521 1298 1666 1359; x_wconf 81' lang='lat' dir='ltr'><strong>dixit</strong></span> <span class='ocrx_word' id='word_1_152' title='bbox 1692 1298 1801 1359; x_wconf 87' lang='lat' dir='ltr'><strong>illis</strong></span> <span class='ocrx_word' id='word_1_153' title='bbox 1870 1299 2089 1361; x_wconf 86' lang='lat' dir='ltr'><strong>Scitote</strong></span> <span class='ocrx_word' id='word_1_154' title='bbox 2330 1299 2414 1375; x_wconf 93' lang='lat' dir='ltr'><strong>pit</strong></span> <span class='ocrx_word' id='word_1_155' title='bbox 2433 1328 2448 1345; x_wconf 90' lang='lat'><strong>·</strong></span> <span class='ocrx_word' id='word_1_156' title='bbox 2505 1300 2735 1376; x_wconf 79' lang='lat' dir='ltr'><strong>accepit</strong></span> <span class='ocrx_word' id='word_1_157' title='bbox 2759 1317 2898 1358; x_wconf 88' lang='lat' dir='ltr'><strong>eum</strong></span> <span class='ocrx_word' id='word_1_158' title='bbox 3082 1298 3366 1374; x_wconf 84' lang='lat' dir='ltr'><strong>putabant</strong></span> <span class='ocrx_word' id='word_1_159' title='bbox 3392 1298 3531 1375; x_wconf 87' lang='lat' dir='ltr'><strong>quia</strong></span> 
     </span>
     <span class='ocr_line' id='line_1_12' title="bbox 770 1389 3617 1471; baseline 0 -20"><span class='ocrx_word' id='word_1_160' title='bbox 770 1408 1010 1452; x_wconf 84' lang='lat' dir='ltr'><strong>suorum</strong></span> <span class='ocrx_word' id='word_1_161' title='bbox 1092 1403 1151 1452; x_wconf 92' lang='lat' dir='ltr'><strong>et</strong></span> <span class='ocrx_word' id='word_1_162' title='bbox 1180 1401 1341 1469; x_wconf 86' lang='lat' dir='ltr'><strong>terge</strong></span> <span class='ocrx_word' id='word_1_163' title='bbox 1522 1392 1667 1471; x_wconf 89' lang='lat' dir='ltr'><strong>quid</strong></span> <span class='ocrx_word' id='word_1_164' title='bbox 1694 1392 1805 1453; x_wconf 85' lang='lat' dir='ltr'><strong>feci</strong></span> <span class='ocrx_word' id='word_1_165' title='bbox 1834 1394 2007 1454; x_wconf 88' lang='lat' dir='ltr'><strong>uobis</strong></span> <span class='ocrx_word' id='word_1_166' title='bbox 2026 1424 2041 1441; x_wconf 90' lang='lat'><strong>·</strong></span> <span class='ocrx_word' id='word_1_167' title='bbox 2330 1392 2430 1470; x_wconf 91' lang='lat' dir='ltr'><strong>qui</strong></span> <span class='ocrx_word' id='word_1_168' title='bbox 2452 1409 2548 1452; x_wconf 87' lang='lat' dir='ltr'><strong>me</strong></span> <span class='ocrx_word' id='word_1_169' title='bbox 2569 1394 2726 1453; x_wconf 83' lang='lat' dir='ltr'><strong>misit</strong></span> <span class='ocrx_word' id='word_1_170' title='bbox 2745 1424 2759 1440; x_wconf 91' lang='lat'><strong>·</strong></span> <span class='ocrx_word' id='word_1_171' title='bbox 2795 1389 3013 1454; x_wconf 70' lang='lat' dir='ltr'><strong>”Haec</strong></span> <span class='ocrx_word' id='word_1_172' title='bbox 3085 1390 3340 1451; x_wconf 89' lang='lat' dir='ltr'><strong>loculum</strong></span> <span class='ocrx_word' id='word_1_173' title='bbox 3366 1391 3617 1451; x_wconf 63' lang='lat' dir='ltr'><strong>habebsst</strong></span> 
     </span>
     <span class='ocr_line' id='line_1_13' title="bbox 766 1484 3622 1569; baseline 0 -25"><span class='ocrx_word' id='word_1_174' title='bbox 766 1502 831 1544; x_wconf 88' lang='lat' dir='ltr'><strong>re</strong></span> <span class='ocrx_word' id='word_1_175' title='bbox 858 1486 1073 1547; x_wconf 90' lang='lat' dir='ltr'><strong>eodem</strong></span> <span class='ocrx_word' id='word_1_176' title='bbox 1100 1485 1281 1547; x_wconf 89' lang='lat' dir='ltr'><strong>linteo</strong></span> <span class='ocrx_word' id='word_1_177' title='bbox 1522 1486 1565 1520; x_wconf 80' lang='lat'><strong>²⁸</strong></span> <span class='ocrx_word' id='word_1_178' title='bbox 1583 1486 1712 1547; x_wconf 91' lang='lat' dir='ltr'><strong>Uos</strong></span> <span class='ocrx_word' id='word_1_179' title='bbox 1732 1488 1961 1548; x_wconf 86' lang='lat' dir='ltr'><strong>uocatis</strong></span> <span class='ocrx_word' id='word_1_180' title='bbox 1989 1506 2085 1548; x_wconf 90' lang='lat' dir='ltr'><strong>me</strong></span> <span class='ocrx_word' id='word_1_181' title='bbox 2114 1505 2212 1547; x_wconf 85' lang='lat' dir='ltr'><strong>ma</strong></span> <span class='ocrx_word' id='word_1_182' title='bbox 2329 1495 2394 1544; x_wconf 88' lang='lat' dir='ltr'><strong>ut</strong></span> <span class='ocrx_word' id='word_1_183' title='bbox 2422 1484 2569 1545; x_wconf 83' lang='lat' dir='ltr'><strong>dixit</strong></span> <span class='ocrx_word' id='word_1_184' title='bbox 2597 1486 2688 1547; x_wconf 80' lang='lat' dir='ltr'><strong>ihs</strong></span> <span class='ocrx_word' id='word_1_185' title='bbox 2769 1488 2938 1547; x_wconf 87' lang='lat' dir='ltr'><strong>turba</strong></span> <span class='ocrx_word' id='word_1_186' title='bbox 3083 1484 3248 1543; x_wconf 83' lang='lat' dir='ltr'><strong>iudas</strong></span> <span class='ocrx_word' id='word_1_187' title='bbox 3272 1518 3286 1533; x_wconf 91' lang='lat'><strong>·</strong></span> <span class='ocrx_word' id='word_1_188' title='bbox 3330 1485 3492 1562; x_wconf 93' lang='lat' dir='ltr'><strong>quod</strong></span> <span class='ocrx_word' id='word_1_189' title='bbox 3513 1486 3622 1569; x_wconf 26' lang='lat' dir='ltr'><strong>‘dix</strong></span> 
     </span>
     <span class='ocr_line' id='line_1_14' title="bbox 768 1578 3676 1658; baseline 0.001 -21"><span class='ocrx_word' id='word_1_190' title='bbox 768 1596 893 1657; x_wconf 92' lang='lat' dir='ltr'><strong>quo</strong></span> <span class='ocrx_word' id='word_1_191' title='bbox 918 1589 1042 1639; x_wconf 86' lang='lat' dir='ltr'><strong>erat</strong></span> <span class='ocrx_word' id='word_1_192' title='bbox 1069 1580 1309 1657; x_wconf 91' lang='lat' dir='ltr'><strong>precinc</strong></span> <span class='ocrx_word' id='word_1_193' title='bbox 1520 1580 1703 1658; x_wconf 85' lang='lat' dir='ltr'><strong>gister</strong></span> <span class='ocrx_word' id='word_1_194' title='bbox 1728 1590 1788 1641; x_wconf 86' lang='lat' dir='ltr'><strong>et</strong></span> <span class='ocrx_word' id='word_1_195' title='bbox 1815 1580 1927 1641; x_wconf 78' lang='lat' dir='ltr'><strong>dfis</strong></span> <span class='ocrx_word' id='word_1_196' title='bbox 1952 1612 1965 1628; x_wconf 90' lang='lat'><strong>·</strong></span> <span class='ocrx_word' id='word_1_197' title='bbox 2031 1590 2092 1641; x_wconf 90' lang='lat' dir='ltr'><strong>et</strong></span> <span class='ocrx_word' id='word_1_198' title='bbox 2118 1582 2194 1641; x_wconf 89' lang='lat' dir='ltr'><strong>be</strong></span> <span class='ocrx_word' id='word_1_199' title='bbox 2330 1588 2424 1639; x_wconf 88' lang='lat' dir='ltr'><strong>tus</strong></span> <span class='ocrx_word' id='word_1_200' title='bbox 2453 1590 2541 1639; x_wconf 87' lang='lat' dir='ltr'><strong>est</strong></span> <span class='ocrx_word' id='word_1_201' title='bbox 2569 1585 2681 1656; x_wconf 69' lang='lat' dir='ltr'><strong>spu</strong></span> <span class='ocrx_word' id='word_1_202' title='bbox 2703 1611 2718 1627; x_wconf 90' lang='lat'><strong>·</strong></span> <span class='ocrx_word' id='word_1_203' title='bbox 2778 1590 2836 1639; x_wconf 91' lang='lat' dir='ltr'><strong>et</strong></span> <span class='ocrx_word' id='word_1_204' title='bbox 2863 1592 2952 1640; x_wconf 89' lang='lat' dir='ltr'><strong>tes</strong></span> <span class='ocrx_word' id='word_1_205' title='bbox 3084 1578 3221 1637; x_wconf 88' lang='lat' dir='ltr'><strong>isset</strong></span> <span class='ocrx_word' id='word_1_206' title='bbox 3249 1579 3330 1638; x_wconf 89' lang='lat' dir='ltr'><strong>illi</strong></span> <span class='ocrx_word' id='word_1_207' title='bbox 3357 1579 3446 1639; x_wconf 81' lang='lat' dir='ltr'><strong>ihs</strong></span> <span class='ocrx_word' id='word_1_208' title='bbox 3465 1611 3480 1626; x_wconf 92' lang='lat'><strong>·</strong></span> <span class='ocrx_word' id='word_1_209' title='bbox 3543 1598 3676 1639; x_wconf 90' lang='lat' dir='ltr'><strong>eme</strong></span> 
     </span>
     <span class='ocr_line' id='line_1_15' title="bbox 766 1671 3652 1750; baseline 0 -17"><span class='ocrx_word' id='word_1_210' title='bbox 766 1682 864 1733; x_wconf 90' lang='lat' dir='ltr'><strong>tus</strong></span> <span class='ocrx_word' id='word_1_211' title='bbox 882 1705 897 1720; x_wconf 92' lang='lat'><strong>·</strong></span> <span class='ocrx_word' id='word_1_212' title='bbox 922 1704 936 1720; x_wconf 89' lang='lat'><strong>·</strong></span> <span class='ocrx_word' id='word_1_213' title='bbox 981 1674 1003 1706; x_wconf 80' lang='lat'>⁸</span> <span class='ocrx_word' id='word_1_214' title='bbox 1019 1671 1202 1733; x_wconf 90' lang='lat' dir='ltr'><strong>Uenit</strong></span> <span class='ocrx_word' id='word_1_215' title='bbox 1228 1692 1371 1750; x_wconf 93' lang='lat' dir='ltr'><strong>ergo</strong></span> <span class='ocrx_word' id='word_1_216' title='bbox 1522 1692 1599 1735; x_wconf 92' lang='lat' dir='ltr'><strong>ne</strong></span> <span class='ocrx_word' id='word_1_217' title='bbox 1626 1673 1815 1735; x_wconf 87' lang='lat' dir='ltr'><strong>dicitis</strong></span> <span class='ocrx_word' id='word_1_218' title='bbox 1844 1692 1974 1735; x_wconf 83' lang='lat' dir='ltr'><strong>sum</strong></span> <span class='ocrx_word' id='word_1_219' title='bbox 2000 1682 2099 1735; x_wconf 78' lang='lat' dir='ltr'><strong>eni</strong></span> <span class='ocrx_word' id='word_1_220' title='bbox 2329 1672 2580 1735; x_wconf 88' lang='lat' dir='ltr'><strong>tificatus</strong></span> <span class='ocrx_word' id='word_1_221' title='bbox 2609 1684 2699 1734; x_wconf 88' lang='lat' dir='ltr'><strong>est</strong></span> <span class='ocrx_word' id='word_1_222' title='bbox 2778 1684 2838 1735; x_wconf 92' lang='lat' dir='ltr'><strong>et</strong></span> <span class='ocrx_word' id='word_1_223' title='bbox 3083 1688 3156 1730; x_wconf 85' lang='lat' dir='ltr'><strong>ea</strong></span> <span class='ocrx_word' id='word_1_224' title='bbox 3183 1690 3331 1750; x_wconf 81' lang='lat' dir='ltr'><strong>quae</strong></span> <span class='ocrx_word' id='word_1_225' title='bbox 3361 1674 3652 1733; x_wconf 82' lang='lat' dir='ltr'><strong>necessari</strong></span> 
     </span>
     <span class='ocr_line' id='line_1_16' title="bbox 768 1765 3647 1848; baseline 0.001 -23"><span class='ocrx_word' id='word_1_226' title='bbox 768 1765 845 1825; x_wconf 82' lang='lat' dir='ltr'><strong>ad</strong></span> <span class='ocrx_word' id='word_1_227' title='bbox 876 1766 1169 1828; x_wconf 86' lang='lat' dir='ltr'><strong>simonem</strong></span> <span class='ocrx_word' id='word_1_228' title='bbox 1195 1772 1363 1844; x_wconf 77' lang='lat' dir='ltr'><strong>petrii</strong></span> <span class='ocrx_word' id='word_1_229' title='bbox 1521 1766 1564 1800; x_wconf 80' lang='lat'><strong>¹⁴</strong></span> <span class='ocrx_word' id='word_1_230' title='bbox 1586 1766 1647 1827; x_wconf 89' lang='lat' dir='ltr'><strong>Si</strong></span> <span class='ocrx_word' id='word_1_231' title='bbox 1675 1786 1819 1844; x_wconf 88' lang='lat' dir='ltr'><strong>ergo</strong></span> <span class='ocrx_word' id='word_1_232' title='bbox 1846 1787 1961 1845; x_wconf 93' lang='lat' dir='ltr'><strong>ego</strong></span> <span class='ocrx_word' id='word_1_233' title='bbox 1988 1768 2101 1829; x_wconf 86' lang='lat' dir='ltr'><strong>laui</strong></span> <span class='ocrx_word' id='word_1_234' title='bbox 2128 1788 2206 1848; x_wconf 89' lang='lat' dir='ltr'><strong>pe</strong></span> <span class='ocrx_word' id='word_1_235' title='bbox 2330 1766 2474 1827; x_wconf 84' lang='lat' dir='ltr'><strong>dixit</strong></span> <span class='ocrx_word' id='word_1_236' title='bbox 2493 1798 2508 1814; x_wconf 92' lang='lat'><strong>·</strong></span> <span class='ocrx_word' id='word_1_237' title='bbox 2551 1768 2748 1828; x_wconf 87' lang='lat' dir='ltr'><strong>Amen</strong></span> <span class='ocrx_word' id='word_1_238' title='bbox 2775 1786 2950 1828; x_wconf 85' lang='lat' dir='ltr'><strong>amen</strong></span> <span class='ocrx_word' id='word_1_239' title='bbox 3081 1783 3118 1825; x_wconf 88' lang='lat' dir='ltr'><strong>a</strong></span> <span class='ocrx_word' id='word_1_240' title='bbox 3145 1775 3283 1825; x_wconf 89' lang='lat' dir='ltr'><strong>sunt</strong></span> <span class='ocrx_word' id='word_1_241' title='bbox 3311 1784 3346 1825; x_wconf 99' lang='lat' dir='ltr'><strong>a</strong></span> <span class='ocrx_word' id='word_1_242' title='bbox 3375 1767 3530 1826; x_wconf 88' lang='lat' dir='ltr'><strong>diem</strong></span> <span class='ocrx_word' id='word_1_243' title='bbox 3557 1766 3647 1827; x_wconf 83' lang='lat' dir='ltr'><strong>fes</strong></span> 
     </span>
     <span class='ocr_line' id='line_1_17' title="bbox 769 1859 3568 1939; baseline -0 -19"><span class='ocrx_word' id='word_1_244' title='bbox 769 1869 828 1920; x_wconf 88' lang='lat' dir='ltr'><strong>et</strong></span> <span class='ocrx_word' id='word_1_245' title='bbox 856 1859 995 1920; x_wconf 88' lang='lat' dir='ltr'><strong>dicit</strong></span> <span class='ocrx_word' id='word_1_246' title='bbox 1022 1861 1077 1919; x_wconf 93' lang='lat' dir='ltr'><strong>ei</strong></span> <span class='ocrx_word' id='word_1_247' title='bbox 1105 1870 1305 1939; x_wconf 89' lang='lat' dir='ltr'><strong>petrus</strong></span> <span class='ocrx_word' id='word_1_248' title='bbox 1524 1861 1630 1921; x_wconf 86' lang='lat' dir='ltr'><strong>des</strong></span> <span class='ocrx_word' id='word_1_249' title='bbox 1656 1870 1886 1922; x_wconf 87' lang='lat' dir='ltr'><strong>uestros</strong></span> <span class='ocrx_word' id='word_1_250' title='bbox 1913 1861 2027 1923; x_wconf 74' lang='lat' dir='ltr'><strong>dfis</strong></span> <span class='ocrx_word' id='word_1_251' title='bbox 2186 1864 2206 1883; x_wconf 89' lang='lat'><strong><em>‘</em></strong></span> <span class='ocrx_word' id='word_1_252' title='bbox 2330 1860 2464 1921; x_wconf 89' lang='lat' dir='ltr'><strong>dico</strong></span> <span class='ocrx_word' id='word_1_253' title='bbox 2491 1862 2662 1921; x_wconf 85' lang='lat' dir='ltr'><strong>uobis</strong></span> <span class='ocrx_word' id='word_1_254' title='bbox 2744 1862 2882 1939; x_wconf 84' lang='lat' dir='ltr'><strong>quia</strong></span> <span class='ocrx_word' id='word_1_255' title='bbox 3082 1868 3208 1917; x_wconf 89' lang='lat' dir='ltr'><strong>tum</strong></span> <span class='ocrx_word' id='word_1_256' title='bbox 3234 1870 3300 1917; x_wconf 92' lang='lat' dir='ltr'><strong>ut</strong></span> <span class='ocrx_word' id='word_1_257' title='bbox 3326 1862 3568 1937; x_wconf 87' lang='lat' dir='ltr'><strong>pauperi</strong></span> 
     </span>
     <span class='ocr_line' id='line_1_18' title="bbox 767 1952 3662 2032; baseline 0.001 -20"><span class='ocrx_word' id='word_1_258' title='bbox 767 1952 905 2012; x_wconf 77' lang='lat' dir='ltr'><strong>Dfie</strong></span> <span class='ocrx_word' id='word_1_259' title='bbox 930 1983 945 1999; x_wconf 90' lang='lat'><strong>·</strong></span> <span class='ocrx_word' id='word_1_260' title='bbox 988 1962 1051 2013; x_wconf 87' lang='lat' dir='ltr'><strong>tu</strong></span> <span class='ocrx_word' id='word_1_261' title='bbox 1077 1952 1221 2013; x_wconf 89' lang='lat' dir='ltr'><strong>mihi</strong></span> <span class='ocrx_word' id='word_1_262' title='bbox 1248 1952 1397 2014; x_wconf 86' lang='lat' dir='ltr'><strong>lauis</strong></span> <span class='ocrx_word' id='word_1_263' title='bbox 1524 1964 1583 2014; x_wconf 89' lang='lat' dir='ltr'><strong>et</strong></span> <span class='ocrx_word' id='word_1_264' title='bbox 1609 1956 1885 2032; x_wconf 83' lang='lat' dir='ltr'><strong>magister</strong></span> <span class='ocrx_word' id='word_1_265' title='bbox 1907 1988 1922 2003; x_wconf 93' lang='lat'><strong>·</strong></span> <span class='ocrx_word' id='word_1_266' title='bbox 1982 1967 2041 2017; x_wconf 90' lang='lat' dir='ltr'><strong>et</strong></span> <span class='ocrx_word' id='word_1_267' title='bbox 2068 1974 2177 2017; x_wconf 88' lang='lat' dir='ltr'><strong>uos</strong></span> <span class='ocrx_word' id='word_1_268' title='bbox 2329 1971 2482 2013; x_wconf 88' lang='lat' dir='ltr'><strong>unus</strong></span> <span class='ocrx_word' id='word_1_269' title='bbox 2509 1972 2583 2014; x_wconf 87' lang='lat' dir='ltr'><strong>ex</strong></span> <span class='ocrx_word' id='word_1_270' title='bbox 2611 1956 2783 2017; x_wconf 87' lang='lat' dir='ltr'><strong>uobis</strong></span> <span class='ocrx_word' id='word_1_271' title='bbox 2810 1964 2902 2015; x_wconf 87' lang='lat' dir='ltr'><strong>tra</strong></span> <span class='ocrx_word' id='word_1_272' title='bbox 3080 1952 3192 2012; x_wconf 94' lang='lat' dir='ltr'><strong>bus</strong></span> <span class='ocrx_word' id='word_1_273' title='bbox 3222 1952 3437 2031; x_wconf 83' lang='lat' dir='ltr'><strong>aliquid</strong></span> <span class='ocrx_word' id='word_1_274' title='bbox 3465 1952 3632 2015; x_wconf 86' lang='lat' dir='ltr'><strong>daret</strong></span> <span class='ocrx_word' id='word_1_275' title='bbox 3648 1985 3662 2001; x_wconf 91' lang='lat'><strong>·</strong></span> 
     </span>
     <span class='ocr_line' id='line_1_19' title="bbox 768 2046 3772 2126; baseline 0.001 -21"><span class='ocrx_word' id='word_1_276' title='bbox 768 2046 954 2125; x_wconf 88' lang='lat' dir='ltr'><strong>pedes</strong></span> <span class='ocrx_word' id='word_1_277' title='bbox 978 2078 991 2093; x_wconf 94' lang='lat'><strong>·</strong></span> <span class='ocrx_word' id='word_1_278' title='bbox 1014 2079 1027 2093; x_wconf 90' lang='lat'><strong>·</strong></span> <span class='ocrx_word' id='word_1_279' title='bbox 1074 2046 1360 2124; x_wconf 79' lang='lat' dir='ltr'><strong>&#39;&#39;Respon</strong></span> <span class='ocrx_word' id='word_1_280' title='bbox 1524 2046 1749 2108; x_wconf 90' lang='lat' dir='ltr'><strong>debetis</strong></span> <span class='ocrx_word' id='word_1_281' title='bbox 1774 2049 2025 2110; x_wconf 87' lang='lat' dir='ltr'><strong>inuicem</strong></span> <span class='ocrx_word' id='word_1_282' title='bbox 2329 2048 2429 2108; x_wconf 90' lang='lat' dir='ltr'><strong>det</strong></span> <span class='ocrx_word' id='word_1_283' title='bbox 2457 2066 2554 2108; x_wconf 89' lang='lat' dir='ltr'><strong>me</strong></span> <span class='ocrx_word' id='word_1_284' title='bbox 2577 2080 2592 2097; x_wconf 90' lang='lat'><strong>·</strong></span> <span class='ocrx_word' id='word_1_285' title='bbox 2656 2046 2701 2080; x_wconf 76' lang='lat'><strong>¹⁹</strong></span> <span class='ocrx_word' id='word_1_286' title='bbox 2719 2049 2962 2126; x_wconf 88' lang='lat' dir='ltr'><strong>inspicie</strong></span> <span class='ocrx_word' id='word_1_287' title='bbox 3080 2046 3126 2079; x_wconf 85' lang='lat'><strong>⁸⁰</strong></span> <span class='ocrx_word' id='word_1_288' title='bbox 3143 2048 3410 2124; x_wconf 89' lang='lat' dir='ltr'><strong>Accepto</strong></span> <span class='ocrx_word' id='word_1_289' title='bbox 3439 2066 3584 2125; x_wconf 91' lang='lat' dir='ltr'><strong>ergo</strong></span> <span class='ocrx_word' id='word_1_290' title='bbox 3612 2054 3772 2126; x_wconf 66' lang='lat' dir='ltr'><strong>pane</strong></span> 
     </span>
     <span class='ocr_line' id='line_1_20' title="bbox 771 2138 3621 2219; baseline 0 -20"><span class='ocrx_word' id='word_1_291' title='bbox 771 2140 857 2199; x_wconf 89' lang='lat' dir='ltr'><strong>dit</strong></span> <span class='ocrx_word' id='word_1_292' title='bbox 882 2139 974 2200; x_wconf 80' lang='lat' dir='ltr'><strong>ihs</strong></span> <span class='ocrx_word' id='word_1_293' title='bbox 1008 2150 1067 2199; x_wconf 89' lang='lat' dir='ltr'><strong>et</strong></span> <span class='ocrx_word' id='word_1_294' title='bbox 1093 2141 1239 2201; x_wconf 90' lang='lat' dir='ltr'><strong>dixit</strong></span> <span class='ocrx_word' id='word_1_295' title='bbox 1263 2142 1343 2201; x_wconf 91' lang='lat' dir='ltr'><strong>illi</strong></span> <span class='ocrx_word' id='word_1_296' title='bbox 1524 2140 1718 2203; x_wconf 81' lang='lat' dir='ltr'><strong>lauare</strong></span> <span class='ocrx_word' id='word_1_297' title='bbox 1744 2143 1927 2219; x_wconf 88' lang='lat' dir='ltr'><strong>pedes</strong></span> <span class='ocrx_word' id='word_1_298' title='bbox 2026 2142 2072 2177; x_wconf 79' lang='lat'><strong>¹³</strong></span> <span class='ocrx_word' id='word_1_299' title='bbox 2082 2163 2155 2203; x_wconf 88' lang='lat' dir='ltr'><strong>ex</strong></span> <span class='ocrx_word' id='word_1_300' title='bbox 2329 2141 2471 2202; x_wconf 87' lang='lat' dir='ltr'><strong>bant</strong></span> <span class='ocrx_word' id='word_1_301' title='bbox 2499 2158 2641 2218; x_wconf 87' lang='lat' dir='ltr'><strong>ergo</strong></span> <span class='ocrx_word' id='word_1_302' title='bbox 2667 2142 2879 2202; x_wconf 71' lang='lat' dir='ltr'><strong>inuicie</strong></span> <span class='ocrx_word' id='word_1_303' title='bbox 3081 2138 3174 2199; x_wconf 87' lang='lat' dir='ltr'><strong>ille</strong></span> <span class='ocrx_word' id='word_1_304' title='bbox 3203 2158 3346 2200; x_wconf 89' lang='lat' dir='ltr'><strong>mox</strong></span> <span class='ocrx_word' id='word_1_305' title='bbox 3373 2142 3553 2201; x_wconf 88' lang='lat' dir='ltr'><strong>exiuit</strong></span> <span class='ocrx_word' id='word_1_306' title='bbox 3571 2174 3584 2188; x_wconf 91' lang='lat'><strong>·</strong></span> <span class='ocrx_word' id='word_1_307' title='bbox 3607 2174 3621 2189; x_wconf 93' lang='lat'><strong>·</strong></span> 
     </span>
     <span class='ocr_line' id='line_1_21' title="bbox 768 2232 3570 2313; baseline 0 -20"><span class='ocrx_word' id='word_1_308' title='bbox 768 2233 932 2312; x_wconf 87' lang='lat' dir='ltr'><strong>quod</strong></span> <span class='ocrx_word' id='word_1_309' title='bbox 959 2252 1075 2312; x_wconf 90' lang='lat' dir='ltr'><strong>ego</strong></span> <span class='ocrx_word' id='word_1_310' title='bbox 1102 2232 1255 2296; x_wconf 82' lang='lat' dir='ltr'><strong>facio</strong></span> <span class='ocrx_word' id='word_1_311' title='bbox 1522 2236 1812 2313; x_wconf 88' lang='lat' dir='ltr'><strong>semplum</strong></span> <span class='ocrx_word' id='word_1_312' title='bbox 1839 2237 1998 2298; x_wconf 89' lang='lat' dir='ltr'><strong>enim</strong></span> <span class='ocrx_word' id='word_1_313' title='bbox 2028 2238 2102 2299; x_wconf 88' lang='lat' dir='ltr'><strong>de</strong></span> <span class='ocrx_word' id='word_1_314' title='bbox 2328 2252 2392 2295; x_wconf 86' lang='lat' dir='ltr'><strong>se</strong></span> <span class='ocrx_word' id='word_1_315' title='bbox 2421 2234 2686 2312; x_wconf 88' lang='lat' dir='ltr'><strong>discipuli</strong></span> <span class='ocrx_word' id='word_1_316' title='bbox 2767 2237 2926 2297; x_wconf 88' lang='lat' dir='ltr'><strong>incer</strong></span> <span class='ocrx_word' id='word_1_317' title='bbox 3081 2244 3204 2293; x_wconf 89' lang='lat' dir='ltr'><strong>erat</strong></span> <span class='ocrx_word' id='word_1_318' title='bbox 3231 2244 3428 2295; x_wconf 84' lang='lat' dir='ltr'><strong>autem</strong></span> <span class='ocrx_word' id='word_1_319' title='bbox 3448 2252 3570 2294; x_wconf 92' lang='lat' dir='ltr'><strong>nox</strong></span> 
     </span>
     <span class='ocr_line' id='line_1_22' title="bbox 766 2364 3630 2446; baseline 0 -21"><span class='ocrx_word' id='word_1_320' title='bbox 766 2376 829 2425; x_wconf 90' lang='lat' dir='ltr'><strong>tu</strong></span> <span class='ocrx_word' id='word_1_321' title='bbox 858 2366 1052 2427; x_wconf 87' lang='lat' dir='ltr'><strong>nescis</strong></span> <span class='ocrx_word' id='word_1_322' title='bbox 1081 2384 1242 2428; x_wconf 88' lang='lat' dir='ltr'><strong>nunc</strong></span> <span class='ocrx_word' id='word_1_323' title='bbox 1265 2400 1279 2415; x_wconf 93' lang='lat'><strong>·</strong></span> <span class='ocrx_word' id='word_1_324' title='bbox 1524 2366 1583 2427; x_wconf 89' lang='lat' dir='ltr'><strong>di</strong></span> <span class='ocrx_word' id='word_1_325' title='bbox 1612 2368 1783 2428; x_wconf 88' lang='lat' dir='ltr'><strong>uobis</strong></span> <span class='ocrx_word' id='word_1_326' title='bbox 1852 2378 1917 2428; x_wconf 89' lang='lat' dir='ltr'><strong>ut</strong></span> <span class='ocrx_word' id='word_1_327' title='bbox 1944 2387 2123 2446; x_wconf 92' lang='lat' dir='ltr'><strong>quem</strong></span> <span class='ocrx_word' id='word_1_328' title='bbox 2327 2366 2370 2425; x_wconf 90' lang='lat' dir='ltr'><strong>ti</strong></span> <span class='ocrx_word' id='word_1_329' title='bbox 2399 2365 2473 2426; x_wconf 91' lang='lat' dir='ltr'><strong>de</strong></span> <span class='ocrx_word' id='word_1_330' title='bbox 2501 2384 2620 2445; x_wconf 82' lang='lat' dir='ltr'><strong>quo</strong></span> <span class='ocrx_word' id='word_1_331' title='bbox 2650 2367 2868 2429; x_wconf 89' lang='lat' dir='ltr'><strong>diceret</strong></span> <span class='ocrx_word' id='word_1_332' title='bbox 3081 2364 3126 2398; x_wconf 82' lang='lat'><strong>⁸¹</strong></span> <span class='ocrx_word' id='word_1_333' title='bbox 3143 2365 3386 2444; x_wconf 83' lang='lat' dir='ltr'><strong>quando</strong></span> <span class='ocrx_word' id='word_1_334' title='bbox 3417 2367 3597 2426; x_wconf 88' lang='lat' dir='ltr'><strong>exiuit</strong></span> <span class='ocrx_word' id='word_1_335' title='bbox 3615 2398 3630 2414; x_wconf 93' lang='lat'><strong>·</strong></span> 
     </span>
     <span class='ocr_line' id='line_1_23' title="bbox 766 2456 3770 2540; baseline 0 -19"><span class='ocrx_word' id='word_1_336' title='bbox 766 2468 972 2538; x_wconf 84' lang='lat' dir='ltr'><strong>postea</strong></span> <span class='ocrx_word' id='word_1_337' title='bbox 1000 2460 1153 2521; x_wconf 87' lang='lat' dir='ltr'><strong>scies</strong></span> <span class='ocrx_word' id='word_1_338' title='bbox 1172 2492 1187 2508; x_wconf 93' lang='lat'><strong>·</strong></span> <span class='ocrx_word' id='word_1_339' title='bbox 1207 2493 1222 2508; x_wconf 93' lang='lat'><strong>·</strong></span> <span class='ocrx_word' id='word_1_340' title='bbox 1266 2462 1289 2495; x_wconf 84' lang='lat'>⁸</span> <span class='ocrx_word' id='word_1_341' title='bbox 1305 2461 1445 2523; x_wconf 89' lang='lat' dir='ltr'><strong>dicit</strong></span> <span class='ocrx_word' id='word_1_342' title='bbox 1523 2460 1844 2522; x_wconf 86' lang='lat' dir='ltr'><strong>admodum</strong></span> <span class='ocrx_word' id='word_1_343' title='bbox 1870 2480 1987 2540; x_wconf 87' lang='lat' dir='ltr'><strong>ego</strong></span> <span class='ocrx_word' id='word_1_344' title='bbox 2015 2462 2125 2523; x_wconf 88' lang='lat' dir='ltr'><strong>feci</strong></span> <span class='ocrx_word' id='word_1_345' title='bbox 2326 2456 2370 2492; x_wconf 77' lang='lat'><strong>¹³</strong></span> <span class='ocrx_word' id='word_1_346' title='bbox 2385 2458 2526 2519; x_wconf 87' lang='lat' dir='ltr'><strong>Erat</strong></span> <span class='ocrx_word' id='word_1_347' title='bbox 2553 2469 2750 2520; x_wconf 84' lang='lat' dir='ltr'><strong>autem</strong></span> <span class='ocrx_word' id='word_1_348' title='bbox 2775 2480 2975 2522; x_wconf 86' lang='lat' dir='ltr'><strong>recum</strong></span> <span class='ocrx_word' id='word_1_349' title='bbox 3081 2458 3240 2518; x_wconf 90' lang='lat' dir='ltr'><strong>Dicit</strong></span> <span class='ocrx_word' id='word_1_350' title='bbox 3267 2459 3357 2519; x_wconf 77' lang='lat' dir='ltr'><strong>ihs</strong></span> <span class='ocrx_word' id='word_1_351' title='bbox 3427 2478 3586 2521; x_wconf 89' lang='lat' dir='ltr'><strong>nunc</strong></span> <span class='ocrx_word' id='word_1_352' title='bbox 3613 2461 3770 2521; x_wconf 88' lang='lat' dir='ltr'><strong>hono</strong></span> 
     </span>
     <span class='ocr_line' id='line_1_24' title="bbox 768 2553 3565 2633; baseline 0 -20"><span class='ocrx_word' id='word_1_353' title='bbox 768 2553 848 2614; x_wconf 90' lang='lat' dir='ltr'><strong>illi</strong></span> <span class='ocrx_word' id='word_1_354' title='bbox 874 2564 1073 2633; x_wconf 88' lang='lat' dir='ltr'><strong>petrus</strong></span> <span class='ocrx_word' id='word_1_355' title='bbox 1100 2572 1224 2616; x_wconf 86' lang='lat' dir='ltr'><strong>non</strong></span> <span class='ocrx_word' id='word_1_356' title='bbox 1252 2555 1310 2618; x_wconf 86' lang='lat' dir='ltr'><strong>la</strong></span> <span class='ocrx_word' id='word_1_357' title='bbox 1521 2555 1693 2615; x_wconf 87' lang='lat' dir='ltr'><strong>uobis</strong></span> <span class='ocrx_word' id='word_1_358' title='bbox 1722 2565 1781 2616; x_wconf 96' lang='lat' dir='ltr'><strong>et</strong></span> <span class='ocrx_word' id='word_1_359' title='bbox 1805 2573 1913 2618; x_wconf 87' lang='lat' dir='ltr'><strong>uos</strong></span> <span class='ocrx_word' id='word_1_360' title='bbox 1942 2556 2092 2616; x_wconf 87' lang='lat' dir='ltr'><strong>facia</strong></span> <span class='ocrx_word' id='word_1_361' title='bbox 2327 2554 2476 2614; x_wconf 87' lang='lat' dir='ltr'><strong>bens</strong></span> <span class='ocrx_word' id='word_1_362' title='bbox 2502 2571 2658 2614; x_wconf 87' lang='lat' dir='ltr'><strong>unus</strong></span> <span class='ocrx_word' id='word_1_363' title='bbox 2687 2555 2762 2616; x_wconf 89' lang='lat' dir='ltr'><strong>de</strong></span> <span class='ocrx_word' id='word_1_364' title='bbox 2791 2556 2880 2616; x_wconf 89' lang='lat' dir='ltr'><strong>dis</strong></span> <span class='ocrx_word' id='word_1_365' title='bbox 3081 2553 3339 2613; x_wconf 84' lang='lat' dir='ltr'><strong>rificatus</strong></span> <span class='ocrx_word' id='word_1_366' title='bbox 3367 2563 3456 2614; x_wconf 92' lang='lat' dir='ltr'><strong>est</strong></span> <span class='ocrx_word' id='word_1_367' title='bbox 3483 2555 3565 2614; x_wconf 87' lang='lat' dir='ltr'><strong>fili</strong></span> 
     </span>
     <span class='ocr_line' id='line_1_25' title="bbox 766 2647 3706 2728; baseline 0 -20"><span class='ocrx_word' id='word_1_368' title='bbox 766 2649 935 2709; x_wconf 81' lang='lat' dir='ltr'><strong>nabis</strong></span> <span class='ocrx_word' id='word_1_369' title='bbox 962 2649 1107 2708; x_wconf 89' lang='lat' dir='ltr'><strong>mihi</strong></span> <span class='ocrx_word' id='word_1_370' title='bbox 1134 2651 1318 2728; x_wconf 89' lang='lat' dir='ltr'><strong>pedes</strong></span> <span class='ocrx_word' id='word_1_371' title='bbox 1520 2649 1595 2708; x_wconf 86' lang='lat' dir='ltr'><strong>tis</strong></span> <span class='ocrx_word' id='word_1_372' title='bbox 1613 2682 1627 2697; x_wconf 93' lang='lat'><strong>·</strong></span> <span class='ocrx_word' id='word_1_373' title='bbox 1654 2681 1667 2696; x_wconf 93' lang='lat'><strong>·</strong></span> <span class='ocrx_word' id='word_1_374' title='bbox 1690 2681 1703 2697; x_wconf 89' lang='lat'><strong>·</strong></span> <span class='ocrx_word' id='word_1_375' title='bbox 1748 2648 1793 2683; x_wconf 81' lang='lat'><strong>²⁸</strong></span> <span class='ocrx_word' id='word_1_376' title='bbox 1809 2649 2005 2710; x_wconf 88' lang='lat' dir='ltr'><strong>Amen</strong></span> <span class='ocrx_word' id='word_1_377' title='bbox 2032 2668 2206 2710; x_wconf 84' lang='lat' dir='ltr'><strong>amen</strong></span> <span class='ocrx_word' id='word_1_378' title='bbox 2327 2647 2536 2725; x_wconf 86' lang='lat' dir='ltr'><strong>cipulis</strong></span> <span class='ocrx_word' id='word_1_379' title='bbox 2565 2650 2692 2708; x_wconf 89' lang='lat' dir='ltr'><strong>eius</strong></span> <span class='ocrx_word' id='word_1_380' title='bbox 2717 2649 2778 2708; x_wconf 92' lang='lat' dir='ltr'><strong>in</strong></span> <span class='ocrx_word' id='word_1_381' title='bbox 2809 2650 2939 2708; x_wconf 88' lang='lat' dir='ltr'><strong>sinu</strong></span> <span class='ocrx_word' id='word_1_382' title='bbox 3081 2664 3152 2706; x_wconf 90' lang='lat' dir='ltr'><strong>us</strong></span> <span class='ocrx_word' id='word_1_383' title='bbox 3181 2647 3437 2708; x_wconf 87' lang='lat' dir='ltr'><strong>hominis</strong></span> <span class='ocrx_word' id='word_1_384' title='bbox 3459 2681 3472 2696; x_wconf 90' lang='lat'><strong>·</strong></span> <span class='ocrx_word' id='word_1_385' title='bbox 3531 2647 3610 2708; x_wconf 89' lang='lat' dir='ltr'><strong>Et</strong></span> <span class='ocrx_word' id='word_1_386' title='bbox 3637 2650 3706 2709; x_wconf 73' lang='lat' dir='ltr'><strong>ds</strong></span> 
     </span>
     <span class='ocr_line' id='line_1_26' title="bbox 766 2740 3618 2820; baseline 0 -18"><span class='ocrx_word' id='word_1_387' title='bbox 766 2743 830 2802; x_wconf 88' lang='lat' dir='ltr'><strong>in</strong></span> <span class='ocrx_word' id='word_1_388' title='bbox 858 2753 1157 2804; x_wconf 85' lang='lat' dir='ltr'><strong>aeternum</strong></span> <span class='ocrx_word' id='word_1_389' title='bbox 1182 2777 1197 2792; x_wconf 90' lang='lat'><strong>·</strong></span> <span class='ocrx_word' id='word_1_390' title='bbox 1260 2743 1385 2806; x_wconf 86' lang='lat' dir='ltr'><strong>Res</strong></span> <span class='ocrx_word' id='word_1_391' title='bbox 1521 2742 1657 2803; x_wconf 91' lang='lat' dir='ltr'><strong>dico</strong></span> <span class='ocrx_word' id='word_1_392' title='bbox 1686 2744 1859 2804; x_wconf 86' lang='lat' dir='ltr'><strong>uobis</strong></span> <span class='ocrx_word' id='word_1_393' title='bbox 1879 2775 1894 2790; x_wconf 94' lang='lat'><strong>·</strong></span> <span class='ocrx_word' id='word_1_394' title='bbox 1954 2760 2079 2804; x_wconf 88' lang='lat' dir='ltr'><strong>non</strong></span> <span class='ocrx_word' id='word_1_395' title='bbox 2107 2755 2198 2805; x_wconf 85' lang='lat' dir='ltr'><strong>est</strong></span> <span class='ocrx_word' id='word_1_396' title='bbox 2326 2741 2426 2800; x_wconf 79' lang='lat' dir='ltr'><strong>ihu</strong></span> <span class='ocrx_word' id='word_1_397' title='bbox 2511 2759 2689 2820; x_wconf 87' lang='lat' dir='ltr'><strong>quem</strong></span> <span class='ocrx_word' id='word_1_398' title='bbox 2717 2742 2892 2820; x_wconf 84' lang='lat' dir='ltr'><strong>dilige</strong></span> <span class='ocrx_word' id='word_1_399' title='bbox 3081 2740 3500 2802; x_wconf 87' lang='lat' dir='ltr'><strong>honorificatus</strong></span> <span class='ocrx_word' id='word_1_400' title='bbox 3528 2753 3618 2804; x_wconf 89' lang='lat' dir='ltr'><strong>est</strong></span> 
     </span>
     <span class='ocr_line' id='line_1_27' title="bbox 768 2833 3788 2913; baseline 0.001 -18"><span class='ocrx_word' id='word_1_401' title='bbox 768 2837 1007 2913; x_wconf 85' lang='lat' dir='ltr'><strong>spondit</strong></span> <span class='ocrx_word' id='word_1_402' title='bbox 1035 2837 1117 2897; x_wconf 90' lang='lat' dir='ltr'><strong>illi</strong></span> <span class='ocrx_word' id='word_1_403' title='bbox 1146 2838 1237 2898; x_wconf 80' lang='lat' dir='ltr'><strong>ihs</strong></span> <span class='ocrx_word' id='word_1_404' title='bbox 1259 2869 1273 2885; x_wconf 91' lang='lat'><strong>·</strong></span> <span class='ocrx_word' id='word_1_405' title='bbox 1338 2840 1451 2900; x_wconf 86' lang='lat' dir='ltr'><strong>nisi</strong></span> <span class='ocrx_word' id='word_1_406' title='bbox 1520 2855 1725 2897; x_wconf 88' lang='lat' dir='ltr'><strong>seruus</strong></span> <span class='ocrx_word' id='word_1_407' title='bbox 1752 2839 1941 2898; x_wconf 87' lang='lat' dir='ltr'><strong>maior</strong></span> <span class='ocrx_word' id='word_1_408' title='bbox 1967 2837 2089 2898; x_wconf 75' lang='lat' dir='ltr'><strong>dr&#39;io</strong></span> <span class='ocrx_word' id='word_1_409' title='bbox 2328 2837 2428 2894; x_wconf 81' lang='lat' dir='ltr'><strong>bat</strong></span> <span class='ocrx_word' id='word_1_410' title='bbox 2453 2835 2544 2896; x_wconf 80' lang='lat' dir='ltr'><strong>ihs</strong></span> <span class='ocrx_word' id='word_1_411' title='bbox 2568 2868 2582 2883; x_wconf 93' lang='lat'><strong>·</strong></span> <span class='ocrx_word' id='word_1_412' title='bbox 2647 2833 2690 2869; x_wconf 77' lang='lat'><strong>’⁴</strong></span> <span class='ocrx_word' id='word_1_413' title='bbox 2707 2835 2904 2894; x_wconf 89' lang='lat' dir='ltr'><strong>Innuit</strong></span> <span class='ocrx_word' id='word_1_414' title='bbox 3081 2834 3143 2893; x_wconf 91' lang='lat' dir='ltr'><strong>in</strong></span> <span class='ocrx_word' id='word_1_415' title='bbox 3171 2833 3271 2893; x_wconf 90' lang='lat' dir='ltr'><strong>illo</strong></span> <span class='ocrx_word' id='word_1_416' title='bbox 3291 2867 3304 2882; x_wconf 90' lang='lat'><strong>·</strong></span> <span class='ocrx_word' id='word_1_417' title='bbox 3370 2833 3508 2895; x_wconf 75' lang='lat' dir='ltr'><strong>”Et</strong></span> <span class='ocrx_word' id='word_1_418' title='bbox 3537 2837 3587 2896; x_wconf 88' lang='lat' dir='ltr'><strong>si</strong></span> <span class='ocrx_word' id='word_1_419' title='bbox 3615 2837 3685 2897; x_wconf 68' lang='lat' dir='ltr'><strong>ds</strong></span> <span class='ocrx_word' id='word_1_420' title='bbox 3705 2838 3788 2897; x_wconf 89' lang='lat' dir='ltr'><strong>ho</strong></span> 
     </span>
     <span class='ocr_line' id='line_1_28' title="bbox 767 2927 3625 3009; baseline 0 -20"><span class='ocrx_word' id='word_1_421' title='bbox 767 2929 967 2991; x_wconf 91' lang='lat' dir='ltr'><strong>lauero</strong></span> <span class='ocrx_word' id='word_1_422' title='bbox 995 2940 1053 2991; x_wconf 89' lang='lat' dir='ltr'><strong>te</strong></span> <span class='ocrx_word' id='word_1_423' title='bbox 1081 2950 1209 2992; x_wconf 91' lang='lat' dir='ltr'><strong>non</strong></span> <span class='ocrx_word' id='word_1_424' title='bbox 1236 2932 1389 2992; x_wconf 86' lang='lat' dir='ltr'><strong>habe</strong></span> <span class='ocrx_word' id='word_1_425' title='bbox 1521 2947 1630 2990; x_wconf 86' lang='lat' dir='ltr'><strong>suo</strong></span> <span class='ocrx_word' id='word_1_426' title='bbox 1655 2962 1670 2978; x_wconf 92' lang='lat'><strong>·</strong></span> <span class='ocrx_word' id='word_1_427' title='bbox 1730 2949 1842 2992; x_wconf 87' lang='lat' dir='ltr'><strong>nec</strong></span> <span class='ocrx_word' id='word_1_428' title='bbox 1871 2939 2081 3009; x_wconf 88' lang='lat' dir='ltr'><strong>aposto</strong></span> <span class='ocrx_word' id='word_1_429' title='bbox 2328 2947 2470 3006; x_wconf 89' lang='lat' dir='ltr'><strong>ergo</strong></span> <span class='ocrx_word' id='word_1_430' title='bbox 2497 2929 2576 2990; x_wconf 91' lang='lat' dir='ltr'><strong>illi</strong></span> <span class='ocrx_word' id='word_1_431' title='bbox 2605 2930 2798 2990; x_wconf 87' lang='lat' dir='ltr'><strong>simon</strong></span> <span class='ocrx_word' id='word_1_432' title='bbox 2828 2949 2904 3009; x_wconf 90' lang='lat' dir='ltr'><strong>pe</strong></span> <span class='ocrx_word' id='word_1_433' title='bbox 3081 2927 3420 2990; x_wconf 84' lang='lat' dir='ltr'><strong>norificatus</strong></span> <span class='ocrx_word' id='word_1_434' title='bbox 3447 2940 3535 2990; x_wconf 90' lang='lat' dir='ltr'><strong>est</strong></span> <span class='ocrx_word' id='word_1_435' title='bbox 3562 2931 3625 2989; x_wconf 90' lang='lat' dir='ltr'><strong>in</strong></span> 
     </span>
     <span class='ocr_line' id='line_1_29' title="bbox 766 3020 3642 3103; baseline 0 -20"><span class='ocrx_word' id='word_1_436' title='bbox 766 3024 859 3083; x_wconf 90' lang='lat' dir='ltr'><strong>bis</strong></span> <span class='ocrx_word' id='word_1_437' title='bbox 885 3035 1115 3101; x_wconf 87' lang='lat' dir='ltr'><strong>partem</strong></span> <span class='ocrx_word' id='word_1_438' title='bbox 1144 3042 1375 3085; x_wconf 88' lang='lat' dir='ltr'><strong>mecum</strong></span> <span class='ocrx_word' id='word_1_439' title='bbox 1396 3057 1409 3072; x_wconf 93' lang='lat'><strong>·</strong></span> <span class='ocrx_word' id='word_1_440' title='bbox 1520 3023 1611 3083; x_wconf 91' lang='lat' dir='ltr'><strong>lus</strong></span> <span class='ocrx_word' id='word_1_441' title='bbox 1638 3025 1826 3084; x_wconf 90' lang='lat' dir='ltr'><strong>maior</strong></span> <span class='ocrx_word' id='word_1_442' title='bbox 1850 3023 1951 3085; x_wconf 92' lang='lat' dir='ltr'><strong>illo</strong></span> <span class='ocrx_word' id='word_1_443' title='bbox 1979 3025 2081 3103; x_wconf 90' lang='lat' dir='ltr'><strong>qui</strong></span> <span class='ocrx_word' id='word_1_444' title='bbox 2327 3033 2446 3082; x_wconf 90' lang='lat' dir='ltr'><strong>trus</strong></span> <span class='ocrx_word' id='word_1_445' title='bbox 2472 3032 2531 3083; x_wconf 91' lang='lat' dir='ltr'><strong>et</strong></span> <span class='ocrx_word' id='word_1_446' title='bbox 2559 3025 2706 3083; x_wconf 87' lang='lat' dir='ltr'><strong>dixit</strong></span> <span class='ocrx_word' id='word_1_447' title='bbox 2727 3054 2742 3070; x_wconf 90' lang='lat'><strong>·</strong></span> <span class='ocrx_word' id='word_1_448' title='bbox 2807 3025 2956 3084; x_wconf 89' lang='lat' dir='ltr'><strong>inter</strong></span> <span class='ocrx_word' id='word_1_449' title='bbox 3079 3039 3155 3081; x_wconf 90' lang='lat' dir='ltr'><strong>eo</strong></span> <span class='ocrx_word' id='word_1_450' title='bbox 3236 3020 3316 3082; x_wconf 89' lang='lat' dir='ltr'><strong>Et</strong></span> <span class='ocrx_word' id='word_1_451' title='bbox 3344 3022 3414 3083; x_wconf 73' lang='lat' dir='ltr'><strong>ds</strong></span> <span class='ocrx_word' id='word_1_452' title='bbox 3439 3023 3642 3084; x_wconf 84' lang='lat' dir='ltr'><strong>honori</strong></span> 
     </span>
     <span class='ocr_line' id='line_1_30' title="bbox 766 3115 3645 3197; baseline 0.001 -21"><span class='ocrx_word' id='word_1_453' title='bbox 766 3115 951 3177; x_wconf 73' lang='lat' dir='ltr'><strong>’Dicit</strong></span> <span class='ocrx_word' id='word_1_454' title='bbox 968 3117 1047 3178; x_wconf 91' lang='lat' dir='ltr'><strong>illi</strong></span> <span class='ocrx_word' id='word_1_455' title='bbox 1064 3119 1255 3178; x_wconf 88' lang='lat' dir='ltr'><strong>simon</strong></span> <span class='ocrx_word' id='word_1_456' title='bbox 1272 3129 1471 3197; x_wconf 88' lang='lat' dir='ltr'><strong>petrus</strong></span> <span class='ocrx_word' id='word_1_457' title='bbox 1522 3119 1749 3180; x_wconf 87' lang='lat' dir='ltr'><strong>eumisit</strong></span> <span class='ocrx_word' id='word_1_458' title='bbox 1767 3150 1782 3166; x_wconf 92' lang='lat'><strong>·</strong></span> <span class='ocrx_word' id='word_1_459' title='bbox 1850 3119 1893 3152; x_wconf 81' lang='lat'><strong>¹⁷</strong></span> <span class='ocrx_word' id='word_1_460' title='bbox 1912 3119 1973 3179; x_wconf 92' lang='lat' dir='ltr'><strong>Si</strong></span> <span class='ocrx_word' id='word_1_461' title='bbox 2000 3119 2110 3178; x_wconf 90' lang='lat' dir='ltr'><strong>hec</strong></span> <span class='ocrx_word' id='word_1_462' title='bbox 2138 3120 2224 3178; x_wconf 85' lang='lat' dir='ltr'><strong>sci</strong></span> <span class='ocrx_word' id='word_1_463' title='bbox 2326 3135 2470 3193; x_wconf 85' lang='lat' dir='ltr'><strong>roga</strong></span> <span class='ocrx_word' id='word_1_464' title='bbox 2496 3117 2628 3194; x_wconf 91' lang='lat' dir='ltr'><strong>quis</strong></span> <span class='ocrx_word' id='word_1_465' title='bbox 2656 3127 2744 3177; x_wconf 92' lang='lat' dir='ltr'><strong>est</strong></span> <span class='ocrx_word' id='word_1_466' title='bbox 2771 3117 2846 3178; x_wconf 90' lang='lat' dir='ltr'><strong>de</strong></span> <span class='ocrx_word' id='word_1_467' title='bbox 2874 3135 2997 3197; x_wconf 93' lang='lat' dir='ltr'><strong>quo</strong></span> <span class='ocrx_word' id='word_1_468' title='bbox 3081 3115 3276 3176; x_wconf 88' lang='lat' dir='ltr'><strong>ficabit</strong></span> <span class='ocrx_word' id='word_1_469' title='bbox 3303 3115 3465 3176; x_wconf 90' lang='lat' dir='ltr'><strong>illum</strong></span> <span class='ocrx_word' id='word_1_470' title='bbox 3491 3118 3554 3177; x_wconf 88' lang='lat' dir='ltr'><strong>in</strong></span> <span class='ocrx_word' id='word_1_471' title='bbox 3582 3136 3645 3178; x_wconf 90' lang='lat' dir='ltr'><strong>se</strong></span> 
     </span>
     <span class='ocr_line' id='line_1_31' title="bbox 768 3207 3672 3290; baseline 0.001 -20"><span class='ocrx_word' id='word_1_472' title='bbox 768 3210 887 3270; x_wconf 71' lang='lat' dir='ltr'><strong>dne</strong></span> <span class='ocrx_word' id='word_1_473' title='bbox 904 3242 919 3257; x_wconf 94' lang='lat'><strong>·</strong></span> <span class='ocrx_word' id='word_1_474' title='bbox 990 3229 1113 3272; x_wconf 90' lang='lat' dir='ltr'><strong>non</strong></span> <span class='ocrx_word' id='word_1_475' title='bbox 1139 3222 1367 3272; x_wconf 86' lang='lat' dir='ltr'><strong>tantum</strong></span> <span class='ocrx_word' id='word_1_476' title='bbox 1393 3230 1471 3290; x_wconf 90' lang='lat' dir='ltr'><strong>pe</strong></span> <span class='ocrx_word' id='word_1_477' title='bbox 1522 3213 1596 3272; x_wconf 86' lang='lat' dir='ltr'><strong>tis</strong></span> <span class='ocrx_word' id='word_1_478' title='bbox 1616 3245 1629 3258; x_wconf 91' lang='lat'><strong>·</strong></span> <span class='ocrx_word' id='word_1_479' title='bbox 1659 3213 1813 3273; x_wconf 86' lang='lat' dir='ltr'><strong>beati</strong></span> <span class='ocrx_word' id='word_1_480' title='bbox 1840 3213 1981 3273; x_wconf 87' lang='lat' dir='ltr'><strong>estis</strong></span> <span class='ocrx_word' id='word_1_481' title='bbox 2009 3213 2057 3270; x_wconf 90' lang='lat' dir='ltr'><strong>si</strong></span> <span class='ocrx_word' id='word_1_482' title='bbox 2086 3211 2141 3272; x_wconf 85' lang='lat' dir='ltr'><strong>fe</strong></span> <span class='ocrx_word' id='word_1_483' title='bbox 2327 3210 2468 3271; x_wconf 89' lang='lat' dir='ltr'><strong>dicit</strong></span> <span class='ocrx_word' id='word_1_484' title='bbox 2487 3243 2501 3258; x_wconf 93' lang='lat'><strong>·</strong></span> <span class='ocrx_word' id='word_1_485' title='bbox 2523 3241 2539 3258; x_wconf 90' lang='lat'><strong>·</strong></span> <span class='ocrx_word' id='word_1_486' title='bbox 2557 3243 2572 3258; x_wconf 93' lang='lat'><strong>·</strong></span> <span class='ocrx_word' id='word_1_487' title='bbox 2607 3207 3030 3271; x_wconf 71' lang='lat' dir='ltr'><strong>“Recumbens</strong></span> <span class='ocrx_word' id='word_1_488' title='bbox 3079 3211 3394 3287; x_wconf 88' lang='lat' dir='ltr'><strong>metipsum</strong></span> <span class='ocrx_word' id='word_1_489' title='bbox 3475 3211 3555 3272; x_wconf 90' lang='lat' dir='ltr'><strong>Et</strong></span> <span class='ocrx_word' id='word_1_490' title='bbox 3581 3223 3672 3273; x_wconf 83' lang='lat' dir='ltr'><strong>sta</strong></span> 
     </span>
     <span class='ocr_line' id='line_1_32' title="bbox 768 3303 3623 3384; baseline 0.001 -20"><span class='ocrx_word' id='word_1_491' title='bbox 768 3303 875 3365; x_wconf 89' lang='lat' dir='ltr'><strong>des</strong></span> <span class='ocrx_word' id='word_1_492' title='bbox 902 3321 1071 3364; x_wconf 88' lang='lat' dir='ltr'><strong>meos</strong></span> <span class='ocrx_word' id='word_1_493' title='bbox 1093 3336 1109 3352; x_wconf 90' lang='lat'><strong>·</strong></span> <span class='ocrx_word' id='word_1_494' title='bbox 1161 3305 1280 3366; x_wconf 91' lang='lat' dir='ltr'><strong>Sed</strong></span> <span class='ocrx_word' id='word_1_495' title='bbox 1308 3307 1474 3366; x_wconf 74' lang='lat' dir='ltr'><strong>etia-</strong></span> <span class='ocrx_word' id='word_1_496' title='bbox 1522 3306 1712 3365; x_wconf 87' lang='lat' dir='ltr'><strong>ceritis</strong></span> <span class='ocrx_word' id='word_1_497' title='bbox 1739 3324 1813 3367; x_wconf 83' lang='lat' dir='ltr'><strong>ea</strong></span> <span class='ocrx_word' id='word_1_498' title='bbox 1840 3338 1855 3354; x_wconf 90' lang='lat'><strong>·</strong></span> <span class='ocrx_word' id='word_1_499' title='bbox 1916 3305 1960 3340; x_wconf 81' lang='lat'><strong>²⁸</strong></span> <span class='ocrx_word' id='word_1_500' title='bbox 1978 3324 2103 3366; x_wconf 87' lang='lat' dir='ltr'><strong>non</strong></span> <span class='ocrx_word' id='word_1_501' title='bbox 2130 3306 2206 3366; x_wconf 92' lang='lat' dir='ltr'><strong>de</strong></span> <span class='ocrx_word' id='word_1_502' title='bbox 2326 3313 2523 3364; x_wconf 85' lang='lat' dir='ltr'><strong>autem</strong></span> <span class='ocrx_word' id='word_1_503' title='bbox 2551 3303 2645 3364; x_wconf 92' lang='lat' dir='ltr'><strong>ille</strong></span> <span class='ocrx_word' id='word_1_504' title='bbox 2675 3323 2849 3384; x_wconf 88' lang='lat' dir='ltr'><strong>super</strong></span> <span class='ocrx_word' id='word_1_505' title='bbox 3081 3303 3185 3362; x_wconf 90' lang='lat' dir='ltr'><strong>tim</strong></span> <span class='ocrx_word' id='word_1_506' title='bbox 3213 3303 3623 3368; x_wconf 84' lang='lat' dir='ltr'><strong>honorificabit</strong></span> 
     </span>
     <span class='ocr_line' id='line_1_33' title="bbox 766 3395 3648 3477; baseline 0.001 -20"><span class='ocrx_word' id='word_1_507' title='bbox 766 3416 981 3459; x_wconf 85' lang='lat' dir='ltr'><strong>manus</strong></span> <span class='ocrx_word' id='word_1_508' title='bbox 1006 3409 1066 3458; x_wconf 92' lang='lat' dir='ltr'><strong>et</strong></span> <span class='ocrx_word' id='word_1_509' title='bbox 1095 3399 1286 3477; x_wconf 82' lang='lat' dir='ltr'><strong>capud</strong></span> <span class='ocrx_word' id='word_1_510' title='bbox 1306 3431 1391 3444; x_wconf 89' lang='lat'><strong>—-</strong></span> <span class='ocrx_word' id='word_1_511' title='bbox 1520 3398 1795 3459; x_wconf 89' lang='lat' dir='ltr'><strong>omnibus</strong></span> <span class='ocrx_word' id='word_1_512' title='bbox 1822 3399 1995 3458; x_wconf 89' lang='lat' dir='ltr'><strong>uobis</strong></span> <span class='ocrx_word' id='word_1_513' title='bbox 2023 3399 2159 3459; x_wconf 91' lang='lat' dir='ltr'><strong>dico</strong></span> <span class='ocrx_word' id='word_1_514' title='bbox 2179 3432 2194 3447; x_wconf 93' lang='lat'><strong>·</strong></span> <span class='ocrx_word' id='word_1_515' title='bbox 2325 3407 2532 3475; x_wconf 88' lang='lat' dir='ltr'><strong>pectus</strong></span> <span class='ocrx_word' id='word_1_516' title='bbox 2559 3399 2659 3458; x_wconf 80' lang='lat' dir='ltr'><strong>ihu</strong></span> <span class='ocrx_word' id='word_1_517' title='bbox 2678 3430 2691 3445; x_wconf 94' lang='lat'><strong>·</strong></span> <span class='ocrx_word' id='word_1_518' title='bbox 2777 3399 2918 3459; x_wconf 88' lang='lat' dir='ltr'><strong>dicit</strong></span> <span class='ocrx_word' id='word_1_519' title='bbox 2945 3397 2986 3458; x_wconf 88' lang='lat' dir='ltr'><strong>il</strong></span> <span class='ocrx_word' id='word_1_520' title='bbox 3080 3398 3242 3456; x_wconf 91' lang='lat' dir='ltr'><strong>illum</strong></span> <span class='ocrx_word' id='word_1_521' title='bbox 3265 3431 3278 3444; x_wconf 93' lang='lat'><strong>·</strong></span> <span class='ocrx_word' id='word_1_522' title='bbox 3303 3430 3315 3446; x_wconf 91' lang='lat'><strong>·</strong></span> <span class='ocrx_word' id='word_1_523' title='bbox 3338 3430 3352 3445; x_wconf 93' lang='lat'><strong>·</strong></span> <span class='ocrx_word' id='word_1_524' title='bbox 3397 3399 3441 3432; x_wconf 75' lang='lat'><strong>³³</strong></span> <span class='ocrx_word' id='word_1_525' title='bbox 3459 3395 3648 3461; x_wconf 85' lang='lat' dir='ltr'><strong>Filioli</strong></span> 
     </span>
     <span class='ocr_line' id='line_1_34' title="bbox 767 3489 3577 3572; baseline 0 -20"><span class='ocrx_word' id='word_1_526' title='bbox 767 3489 814 3524; x_wconf 85' lang='lat'><strong>¹⁰</strong></span> <span class='ocrx_word' id='word_1_527' title='bbox 830 3491 990 3553; x_wconf 90' lang='lat' dir='ltr'><strong>Dicit</strong></span> <span class='ocrx_word' id='word_1_528' title='bbox 1017 3493 1097 3552; x_wconf 92' lang='lat' dir='ltr'><strong>illi</strong></span> <span class='ocrx_word' id='word_1_529' title='bbox 1124 3492 1215 3553; x_wconf 80' lang='lat' dir='ltr'><strong>ihs</strong></span> <span class='ocrx_word' id='word_1_530' title='bbox 1283 3493 1383 3572; x_wconf 86' lang='lat' dir='ltr'><strong>qui</strong></span> <span class='ocrx_word' id='word_1_531' title='bbox 1411 3493 1471 3554; x_wconf 92' lang='lat' dir='ltr'><strong>lo</strong></span> <span class='ocrx_word' id='word_1_532' title='bbox 1520 3510 1637 3570; x_wconf 88' lang='lat' dir='ltr'><strong>ego</strong></span> <span class='ocrx_word' id='word_1_533' title='bbox 1663 3493 1821 3551; x_wconf 90' lang='lat' dir='ltr'><strong>enim</strong></span> <span class='ocrx_word' id='word_1_534' title='bbox 1849 3493 1973 3553; x_wconf 89' lang='lat' dir='ltr'><strong>scio</strong></span> <span class='ocrx_word' id='word_1_535' title='bbox 2002 3505 2144 3571; x_wconf 78' lang='lat' dir='ltr'><strong>quos</strong></span> <span class='ocrx_word' id='word_1_536' title='bbox 2328 3490 2365 3550; x_wconf 92' lang='lat' dir='ltr'><strong>li</strong></span> <span class='ocrx_word' id='word_1_537' title='bbox 2393 3492 2510 3552; x_wconf 78' lang='lat' dir='ltr'><strong>dfie</strong></span> <span class='ocrx_word' id='word_1_538' title='bbox 2537 3493 2668 3570; x_wconf 92' lang='lat' dir='ltr'><strong>quis</strong></span> <span class='ocrx_word' id='word_1_539' title='bbox 2695 3503 2786 3553; x_wconf 90' lang='lat' dir='ltr'><strong>est</strong></span> <span class='ocrx_word' id='word_1_540' title='bbox 2808 3525 2822 3540; x_wconf 92' lang='lat'><strong>·</strong></span> <span class='ocrx_word' id='word_1_541' title='bbox 3080 3491 3272 3551; x_wconf 83' lang='lat' dir='ltr'><strong>adhuc</strong></span> <span class='ocrx_word' id='word_1_542' title='bbox 3300 3493 3577 3570; x_wconf 86' lang='lat' dir='ltr'><strong>pusillum</strong></span> 
     </span>
     <span class='ocr_line' id='line_1_35' title="bbox 764 3583 3658 3664; baseline 0 -18"><span class='ocrx_word' id='word_1_543' title='bbox 764 3597 859 3646; x_wconf 87' lang='lat' dir='ltr'><strong>tus</strong></span> <span class='ocrx_word' id='word_1_544' title='bbox 889 3595 981 3646; x_wconf 91' lang='lat' dir='ltr'><strong>est</strong></span> <span class='ocrx_word' id='word_1_545' title='bbox 1008 3605 1129 3647; x_wconf 90' lang='lat' dir='ltr'><strong>non</strong></span> <span class='ocrx_word' id='word_1_546' title='bbox 1157 3585 1333 3647; x_wconf 85' lang='lat' dir='ltr'><strong>habet</strong></span> <span class='ocrx_word' id='word_1_547' title='bbox 1522 3586 1795 3662; x_wconf 86' lang='lat' dir='ltr'><strong>elegerim</strong></span> <span class='ocrx_word' id='word_1_548' title='bbox 1813 3618 1828 3634; x_wconf 90' lang='lat'><strong>·</strong></span> <span class='ocrx_word' id='word_1_549' title='bbox 1889 3585 1995 3648; x_wconf 89' lang='lat' dir='ltr'><strong>sed</strong></span> <span class='ocrx_word' id='word_1_550' title='bbox 2022 3596 2087 3647; x_wconf 94' lang='lat' dir='ltr'><strong>ut</strong></span> <span class='ocrx_word' id='word_1_551' title='bbox 2326 3583 2370 3620; x_wconf 76' lang='lat'><strong>²⁸</strong></span> <span class='ocrx_word' id='word_1_552' title='bbox 2387 3586 2720 3664; x_wconf 85' lang='lat' dir='ltr'><strong>Respondit</strong></span> <span class='ocrx_word' id='word_1_553' title='bbox 2747 3587 2837 3647; x_wconf 80' lang='lat' dir='ltr'><strong>ihs</strong></span> <span class='ocrx_word' id='word_1_554' title='bbox 2860 3619 2874 3634; x_wconf 94' lang='lat'><strong>·</strong></span> <span class='ocrx_word' id='word_1_555' title='bbox 2933 3585 3028 3647; x_wconf 88' lang='lat' dir='ltr'><strong>ille</strong></span> <span class='ocrx_word' id='word_1_556' title='bbox 3081 3585 3392 3646; x_wconf 87' lang='lat' dir='ltr'><strong>uobiscum</strong></span> <span class='ocrx_word' id='word_1_557' title='bbox 3421 3605 3552 3647; x_wconf 87' lang='lat' dir='ltr'><strong>sum</strong></span> <span class='ocrx_word' id='word_1_558' title='bbox 3573 3621 3658 3631; x_wconf 89' lang='lat'>—</span> 
     </span>
     <span class='ocr_line' id='line_1_36' title="bbox 764 3678 3717 3758; baseline 0.001 -20"><span class='ocrx_word' id='word_1_559' title='bbox 764 3680 1171 3740; x_wconf 85' lang='lat' dir='ltr'><strong>necessitatem</strong></span> <span class='ocrx_word' id='word_1_560' title='bbox 1195 3679 1309 3740; x_wconf 88' lang='lat' dir='ltr'><strong>nisi</strong></span> <span class='ocrx_word' id='word_1_561' title='bbox 1521 3680 1801 3757; x_wconf 80' lang='lat' dir='ltr'><strong>scriptura</strong></span> <span class='ocrx_word' id='word_1_562' title='bbox 1827 3678 2005 3758; x_wconf 89' lang='lat' dir='ltr'><strong>imple</strong></span> <span class='ocrx_word' id='word_1_563' title='bbox 2327 3690 2417 3740; x_wconf 89' lang='lat' dir='ltr'><strong>est</strong></span> <span class='ocrx_word' id='word_1_564' title='bbox 2445 3681 2538 3740; x_wconf 88' lang='lat' dir='ltr'><strong>cui</strong></span> <span class='ocrx_word' id='word_1_565' title='bbox 2567 3699 2682 3758; x_wconf 88' lang='lat' dir='ltr'><strong>ego</strong></span> <span class='ocrx_word' id='word_1_566' title='bbox 2710 3681 2894 3740; x_wconf 88' lang='lat' dir='ltr'><strong>intinc</strong></span> <span class='ocrx_word' id='word_1_567' title='bbox 3079 3679 3356 3756; x_wconf 85' lang='lat' dir='ltr'><strong>quaeritis</strong></span> <span class='ocrx_word' id='word_1_568' title='bbox 3383 3698 3481 3742; x_wconf 90' lang='lat' dir='ltr'><strong>me</strong></span> <span class='ocrx_word' id='word_1_569' title='bbox 3505 3713 3520 3730; x_wconf 90' lang='lat'><strong>·</strong></span> <span class='ocrx_word' id='word_1_570' title='bbox 3580 3694 3640 3743; x_wconf 92' lang='lat' dir='ltr'><strong>et</strong></span> <span class='ocrx_word' id='word_1_571' title='bbox 3667 3685 3717 3744; x_wconf 83' lang='lat' dir='ltr'><strong>si</strong></span> 
     </span>
     <span class='ocr_line' id='line_1_37' title="bbox 763 3773 3546 3852; baseline 0.001 -18"><span class='ocrx_word' id='word_1_572' title='bbox 763 3773 951 3852; x_wconf 87' lang='lat' dir='ltr'><strong>pedes</strong></span> <span class='ocrx_word' id='word_1_573' title='bbox 976 3774 1248 3834; x_wconf 87' lang='lat' dir='ltr'><strong>lauandi·</strong></span> <span class='ocrx_word' id='word_1_574' title='bbox 1312 3773 1419 3834; x_wconf 83' lang='lat' dir='ltr'><strong>sed</strong></span> <span class='ocrx_word' id='word_1_575' title='bbox 1516 3783 1673 3834; x_wconf 88' lang='lat' dir='ltr'><strong>retur</strong></span> <span class='ocrx_word' id='word_1_576' title='bbox 1694 3805 1709 3822; x_wconf 90' lang='lat'><strong>·</strong></span> <span class='ocrx_word' id='word_1_577' title='bbox 1773 3775 1875 3852; x_wconf 91' lang='lat' dir='ltr'><strong>qui</strong></span> <span class='ocrx_word' id='word_1_578' title='bbox 1902 3793 2044 3835; x_wconf 83' lang='lat' dir='ltr'><strong>man</strong></span> <span class='ocrx_word' id='word_1_579' title='bbox 2326 3783 2451 3833; x_wconf 90' lang='lat' dir='ltr'><strong>tum</strong></span> <span class='ocrx_word' id='word_1_580' title='bbox 2479 3792 2695 3851; x_wconf 89' lang='lat' dir='ltr'><strong>panem</strong></span> <span class='ocrx_word' id='word_1_581' title='bbox 2721 3792 2932 3852; x_wconf 79' lang='lat' dir='ltr'><strong>poi-rex</strong></span> <span class='ocrx_word' id='word_1_582' title='bbox 3081 3785 3182 3833; x_wconf 88' lang='lat' dir='ltr'><strong>cut</strong></span> <span class='ocrx_word' id='word_1_583' title='bbox 3208 3775 3329 3834; x_wconf 88' lang='lat' dir='ltr'><strong>dixi</strong></span> <span class='ocrx_word' id='word_1_584' title='bbox 3357 3775 3546 3836; x_wconf 84' lang='lat' dir='ltr'><strong>iudeis</strong></span> 
     </span>
     <span class='ocr_line' id='line_1_38' title="bbox 763 3866 3684 3948; baseline 0.001 -21"><span class='ocrx_word' id='word_1_585' title='bbox 763 3877 853 3928; x_wconf 89' lang='lat' dir='ltr'><strong>est</strong></span> <span class='ocrx_word' id='word_1_586' title='bbox 878 3866 1134 3928; x_wconf 87' lang='lat' dir='ltr'><strong>mundus</strong></span> <span class='ocrx_word' id='word_1_587' title='bbox 1163 3877 1325 3928; x_wconf 86' lang='lat' dir='ltr'><strong>totus</strong></span> <span class='ocrx_word' id='word_1_588' title='bbox 1346 3899 1359 3915; x_wconf 90' lang='lat'><strong>·</strong></span> <span class='ocrx_word' id='word_1_589' title='bbox 1520 3867 1696 3928; x_wconf 85' lang='lat' dir='ltr'><strong>ducat</strong></span> <span class='ocrx_word' id='word_1_590' title='bbox 1722 3886 1957 3929; x_wconf 89' lang='lat' dir='ltr'><strong>mecum</strong></span> <span class='ocrx_word' id='word_1_591' title='bbox 1983 3873 2137 3946; x_wconf 70' lang='lat' dir='ltr'><strong>pane</strong></span> <span class='ocrx_word' id='word_1_592' title='bbox 2327 3886 2428 3928; x_wconf 90' lang='lat' dir='ltr'><strong>ero</strong></span> <span class='ocrx_word' id='word_1_593' title='bbox 2448 3899 2463 3915; x_wconf 91' lang='lat'><strong>·</strong></span> <span class='ocrx_word' id='word_1_594' title='bbox 2522 3867 2601 3928; x_wconf 90' lang='lat' dir='ltr'><strong>Et</strong></span> <span class='ocrx_word' id='word_1_595' title='bbox 2627 3869 2962 3946; x_wconf 86' lang='lat' dir='ltr'><strong>intinguens</strong></span> <span class='ocrx_word' id='word_1_596' title='bbox 3082 3873 3228 3945; x_wconf 83' lang='lat' dir='ltr'><strong>qilm</strong></span> <span class='ocrx_word' id='word_1_597' title='bbox 3253 3870 3354 3929; x_wconf 91' lang='lat' dir='ltr'><strong>ubi</strong></span> <span class='ocrx_word' id='word_1_598' title='bbox 3381 3869 3540 3930; x_wconf 87' lang='lat' dir='ltr'><strong>uado</strong></span> <span class='ocrx_word' id='word_1_599' title='bbox 3567 3889 3684 3948; x_wconf 90' lang='lat' dir='ltr'><strong>ego</strong></span> 
     </span>
     <span class='ocr_line' id='line_1_39' title="bbox 763 3961 3651 4042; baseline 0.002 -21"><span class='ocrx_word' id='word_1_600' title='bbox 763 3971 824 4021; x_wconf 89' lang='lat' dir='ltr'><strong>et</strong></span> <span class='ocrx_word' id='word_1_601' title='bbox 849 3979 959 4022; x_wconf 87' lang='lat' dir='ltr'><strong>uos</strong></span> <span class='ocrx_word' id='word_1_602' title='bbox 984 3961 1191 4022; x_wconf 87' lang='lat' dir='ltr'><strong>mundi</strong></span> <span class='ocrx_word' id='word_1_603' title='bbox 1218 3962 1357 4022; x_wconf 86' lang='lat' dir='ltr'><strong>estis</strong></span> <span class='ocrx_word' id='word_1_604' title='bbox 1376 3995 1390 4010; x_wconf 91' lang='lat'><strong>·</strong></span> <span class='ocrx_word' id='word_1_605' title='bbox 1518 3979 1718 4021; x_wconf 87' lang='lat' dir='ltr'><strong>meum</strong></span> <span class='ocrx_word' id='word_1_606' title='bbox 1744 3962 1963 4023; x_wconf 84' lang='lat' dir='ltr'><strong>leuabit</strong></span> <span class='ocrx_word' id='word_1_607' title='bbox 1988 3961 2079 4022; x_wconf 89' lang='lat' dir='ltr'><strong>cal</strong></span> <span class='ocrx_word' id='word_1_608' title='bbox 2327 3980 2544 4040; x_wconf 85' lang='lat' dir='ltr'><strong>panem</strong></span> <span class='ocrx_word' id='word_1_609' title='bbox 2572 3963 2734 4024; x_wconf 92' lang='lat' dir='ltr'><strong>dedit</strong></span> <span class='ocrx_word' id='word_1_610' title='bbox 2762 3963 2934 4022; x_wconf 83' lang='lat' dir='ltr'><strong>iudae</strong></span> <span class='ocrx_word' id='word_1_611' title='bbox 3079 3979 3192 4022; x_wconf 89' lang='lat' dir='ltr'><strong>uos</strong></span> <span class='ocrx_word' id='word_1_612' title='bbox 3220 3963 3300 4022; x_wconf 91' lang='lat' dir='ltr'><strong>ibi</strong></span> <span class='ocrx_word' id='word_1_613' title='bbox 3327 3981 3450 4024; x_wconf 88' lang='lat' dir='ltr'><strong>non</strong></span> <span class='ocrx_word' id='word_1_614' title='bbox 3478 3975 3651 4042; x_wconf 88' lang='lat' dir='ltr'><strong>potes</strong></span> 
     </span>
     <span class='ocr_line' id='line_1_40' title="bbox 764 4055 3678 4121; baseline 0.002 -7"><span class='ocrx_word' id='word_1_615' title='bbox 764 4055 871 4115; x_wconf 82' lang='lat' dir='ltr'><strong>sed</strong></span> <span class='ocrx_word' id='word_1_616' title='bbox 898 4073 1022 4115; x_wconf 88' lang='lat' dir='ltr'><strong>non</strong></span> <span class='ocrx_word' id='word_1_617' title='bbox 1048 4073 1258 4116; x_wconf 85' lang='lat' dir='ltr'><strong>omnes</strong></span> <span class='ocrx_word' id='word_1_618' title='bbox 1280 4087 1296 4103; x_wconf 91' lang='lat'><strong>·</strong></span> <span class='ocrx_word' id='word_1_619' title='bbox 1518 4073 1768 4116; x_wconf 90' lang='lat' dir='ltr'><strong>caneum</strong></span> <span class='ocrx_word' id='word_1_620' title='bbox 1796 4073 1967 4116; x_wconf 86' lang='lat' dir='ltr'><strong>suum</strong></span> <span class='ocrx_word' id='word_1_621' title='bbox 1996 4055 2072 4115; x_wconf 83' lang='lat' dir='ltr'><strong>ad</strong></span> <span class='ocrx_word' id='word_1_622' title='bbox 2328 4057 2570 4116; x_wconf 89' lang='lat' dir='ltr'><strong>simonis</strong></span> <span class='ocrx_word' id='word_1_623' title='bbox 2597 4056 2885 4118; x_wconf 86' lang='lat' dir='ltr'><strong>scariothe</strong></span> <span class='ocrx_word' id='word_1_624' title='bbox 2903 4088 2918 4104; x_wconf 89' lang='lat'><strong>·</strong></span> <span class='ocrx_word' id='word_1_625' title='bbox 3081 4056 3153 4115; x_wconf 85' lang='lat' dir='ltr'><strong>tis</strong></span> <span class='ocrx_word' id='word_1_626' title='bbox 3179 4057 3378 4116; x_wconf 90' lang='lat' dir='ltr'><strong>uenire</strong></span> <span class='ocrx_word' id='word_1_627' title='bbox 3403 4090 3417 4104; x_wconf 90' lang='lat'><strong>·</strong></span> <span class='ocrx_word' id='word_1_628' title='bbox 3441 4090 3454 4104; x_wconf 93' lang='lat'><strong>·</strong></span> <span class='ocrx_word' id='word_1_629' title='bbox 3477 4091 3490 4104; x_wconf 94' lang='lat'><strong>·</strong></span> <span class='ocrx_word' id='word_1_630' title='bbox 3513 4067 3571 4118; x_wconf 91' lang='lat' dir='ltr'><strong>et</strong></span> <span class='ocrx_word' id='word_1_631' title='bbox 3597 4077 3678 4121; x_wconf 88' lang='lat' dir='ltr'><strong>uo</strong></span> 
     </span>
    </p>
   </div>
   <div class='ocr_carea' id='block_1_3' title="bbox 763 4147 3522 4230">
    <p class='ocr_par' dir='ltr' id='par_1_3' title="bbox 763 4147 3522 4230">
     <span class='ocr_line' id='line_1_41' title="bbox 763 4147 3522 4230; baseline 0.001 -22"><span class='ocrx_word' id='word_1_632' title='bbox 763 4147 807 4182; x_wconf 83' lang='lat'><strong>¹¹</strong></span> <span class='ocrx_word' id='word_1_633' title='bbox 827 4147 1063 4210; x_wconf 84' lang='lat' dir='ltr'><strong>Sciebat</strong></span> <span class='ocrx_word' id='word_1_634' title='bbox 1084 4149 1242 4210; x_wconf 87' lang='lat' dir='ltr'><strong>enim</strong></span> <span class='ocrx_word' id='word_1_635' title='bbox 1262 4150 1362 4227; x_wconf 90' lang='lat' dir='ltr'><strong>qui</strong></span> <span class='ocrx_word' id='word_1_636' title='bbox 1382 4159 1469 4210; x_wconf 87' lang='lat' dir='ltr'><strong>tra</strong></span> <span class='ocrx_word' id='word_1_637' title='bbox 1516 4166 1721 4210; x_wconf 86' lang='lat' dir='ltr'><strong>uersus</strong></span> <span class='ocrx_word' id='word_1_638' title='bbox 1738 4167 1835 4210; x_wconf 89' lang='lat' dir='ltr'><strong>me</strong></span> <span class='ocrx_word' id='word_1_639' title='bbox 1855 4181 1870 4197; x_wconf 91' lang='lat'><strong>·</strong></span> <span class='ocrx_word' id='word_1_640' title='bbox 1913 4149 2022 4209; x_wconf 65' lang='grc' dir='ltr'><strong>’Ἀ</strong></span> <span class='ocrx_word' id='word_1_641' title='bbox 2042 4149 2224 4211; x_wconf 90' lang='lat' dir='ltr'><strong>modo</strong></span> <span class='ocrx_word' id='word_1_642' title='bbox 2325 4148 2372 4184; x_wconf 78' lang='lat'><strong>⁸⁷</strong></span> <span class='ocrx_word' id='word_1_643' title='bbox 2387 4160 2446 4212; x_wconf 88' lang='lat' dir='ltr'><strong>et</strong></span> <span class='ocrx_word' id='word_1_644' title='bbox 2470 4161 2537 4211; x_wconf 92' lang='lat' dir='ltr'><strong>ut</strong></span> <span class='ocrx_word' id='word_1_645' title='bbox 2562 4151 2788 4229; x_wconf 89' lang='lat' dir='ltr'><strong>accepit</strong></span> <span class='ocrx_word' id='word_1_646' title='bbox 2814 4169 3030 4230; x_wconf 86' lang='lat' dir='ltr'><strong>panem</strong></span> <span class='ocrx_word' id='word_1_647' title='bbox 3082 4149 3173 4210; x_wconf 88' lang='lat' dir='ltr'><strong>bis</strong></span> <span class='ocrx_word' id='word_1_648' title='bbox 3200 4150 3335 4211; x_wconf 90' lang='lat' dir='ltr'><strong>dico</strong></span> <span class='ocrx_word' id='word_1_649' title='bbox 3365 4169 3522 4212; x_wconf 89' lang='lat' dir='ltr'><strong>nunc</strong></span> 
     </span>
    </p>
   </div>
   <div class='ocr_carea' id='block_1_4' title="bbox 2752 5045 3367 5048">
    <p class='ocr_par' dir='ltr' id='par_1_4' title="bbox 2752 5045 3367 5048">
     <span class='ocr_line' id='line_1_42' title="bbox 2752 5045 3367 5048; baseline 0 0"><span class='ocrx_word' id='word_1_650' title='bbox 2752 5045 3367 5048; x_wconf 95' lang='lat' dir='ltr'><strong> </strong></span> 
     </span>
    </p>
   </div>
   <div class='ocr_carea' id='block_1_5' title="bbox 4370 2794 4373 3374">
    <p class='ocr_par' dir='ltr' id='par_1_5' title="bbox 4370 2794 4373 3374">
     <span class='ocr_line' id='line_1_43' title="bbox 4370 2794 4373 3374; baseline 0 0"><span class='ocrx_word' id='word_1_651' title='bbox 4370 2794 4373 3374; x_wconf 95' lang='lat' dir='ltr'><strong> </strong></span> 
     </span>
    </p>
   </div>
   <div class='ocr_carea' id='block_1_6' title="bbox 4371 4391 4373 5037">
    <p class='ocr_par' dir='ltr' id='par_1_6' title="bbox 4371 4391 4373 5037">
     <span class='ocr_line' id='line_1_44' title="bbox 4371 4391 4373 5037; baseline 0 0"><span class='ocrx_word' id='word_1_652' title='bbox 4371 4391 4373 5037; x_wconf 95' lang='lat' dir='ltr'><strong> </strong></span> 
     </span>
    </p>
   </div>
  </div>
 </body>
</html>
