4373 5048
1972 534 2315 687 {gzulg'ss„
3364 572 3485 657 163

3002 750 3142 800 XIX.
3161 748 3385 828 4ο-ΧΧ.
3410 762 3431 797 1
3446 762 3489 799 ι.

1105 938 1432 1013 le'gauerunt
1459 956 1594 996 eum
1621 937 1702 996 lin
2437 946 2633 996 autem
2664 938 2772 1014 ipsi
2802 936 2919 996 duo
2950 937 3129 995 simul
3148 943 3204 993 et

1105 1038 1208 1094 teis
1237 1053 1374 1094 cum
1403 1036 1760 1096 aromatibus
2435 1035 2527 1094 ille
2556 1035 2700 1094 alius
2731 1035 3041 1112 discipulus
3069 1053 3202 1111 prae

1106 1137 1251 1192 sicut
1281 1152 1412 1193 mos
1443 1133 1662 1194 iudaeis
1691 1144 1778 1194 est
2432 1135 2609 1193 currit
2637 1134 2806 1194 citius
2834 1144 3000 1211 petro
3027 1141 3089 1193 et

1104 1232 1340 1309 sepelire
1369 1234 1410 1267 ⁴¹
1429 1244 1554 1291 erat
1583 1242 1764 1292 aute·-
2431 1233 2591 1291 uenit
2619 1234 2840 1310 primus
2869 1232 2945 1291 ad
2973 1249 3157 1291 monu

1106 1333 1168 1388 in
1196 1332 1322 1391 Ioco
1350 1332 1451 1390 ubi
1479 1331 1788 1391 crucifixus
2432 1342 2696 1390 mentum
2724 1332 2746 1364 ⁶
2763 1341 2823 1390 et
2852 1349 2987 1390 cum
3016 1349 3076 1390 se
3108 1330 3167 1388 in

1105 1435 1188 1485 est
1209 1428 1410 1487 hortus
1440 1440 1498 1489 et
1527 1430 1588 1488 in
1617 1429 1787 1489 horto
2431 1430 2704 1489 clinasset
2730 1440 2787 1489 et
2816 1430 3119 1507 prospexit

1105 1537 1538 1586 monumentum
1568 1539 1776 1587 nouu-
2432 1527 2576 1588 uidit
2602 1529 2796 1605 posita
2823 1518 3123 1587 li1¹1iamina

1105 1626 1165 1682 in
1193 1644 1308 1700 quo
1337 1626 1602 1686 nondum
1632 1627 1857 1703 positus
2431 1646 2557 1687 non
2586 1637 2779 1687 tamen
2810 1627 3066 1687 introiuit

1103 1730 1185 1781 est
1209 1725 1518 1801 quisquam
1546 1722 1590 1757 ⁴²
1610 1725 1686 1782 ibi
1715 1742 1856 1801 ergo
2339 1728 2361 1758 ⁶
2377 1724 2557 1785 Uenit
2586 1737 2780 1786 autem
2810 1728 3002 1787 simon
3031 1734 3164 1803 petr

1087 1833 1323 1901 propter
1349 1840 1706 1901 parasceuen
2432 1843 2501 1883 us
2530 1842 2779 1903 sequens
2807 1834 2864 1884 et
2893 1825 3065 1884 introi

1101 1926 1237 1999 quia
1266 1925 1430 1981 iuxta
1455 1933 1577 1981 erat
1605 1940 1790 1981 monu
2432 1924 2515 1981 uit
2542 1924 2609 1992 in,
2634 1933 3077 1983 monumentum

1103 2029 1352 2081 mentum
1379 2030 1699 2098 posuerunt
1729 2018 1900 2099 i1‘1’1(?)
2432 2028 2493 2077 et
2518 2018 2663 2077 uidit
2692 2018 3013 2077 lintiamina
3025 2028 3104 2092 po

859 2120 991 2179 XX.
1015 2120 1030 2153 ¹
1058 2118 1189 2179 Una
1216 2130 1414 2179 autem
1443 2120 1668 2179 sabbati
1697 2138 1796 2177 ma
2434 2117 2545 2177 sita
2572 2117 2669 2177 “et
2698 2117 2994 2176 sudarium
3021 2115 3177 2193 quod

1100 2222 1198 2279 ria
1227 2218 1568 2295 magdalene
1597 2218 1756 2277 uenit
2432 2225 2557 2274 erat
2584 2234 2757 2293 super
2786 2214 2978 2291 capud
3006 2214 3129 2271 eius

1098 2338 1260 2377 mane
1289 2336 1424 2377 cum
1453 2317 1644 2377 adhuc
1666 2298 1901 2376 tenebre
2432 2332 2555 2373 non
2584 2332 2719 2373 cum
2748 2313 3163 2372 lintiaminibus

1103 2427 1277 2475 essent
1305 2416 1382 2475 ad
1410 2434 1732 2475 monumen
2433 2414 2745 2488 separatim
2773 2422 2896 2472 erat
2926 2412 3127 2469 inuolu

1100 2522 1218 2574 tum
1247 2523 1300 2574 et
1321 2512 1482 2575 uidet
1509 2513 1764 2592 lapidem
2432 2520 2557 2570 tum
2584 2512 2647 2570 in
2672 2530 2855 2571 unum
2886 2512 3080 2570 locum

1065 2615 1376 2673 ?remotum
1404 2632 1439 2671 a
1468 2624 1798 2674 monume-
2337 2609 2359 2642 ⁸
2375 2609 2551 2670 Tunc
2578 2611 2833 2670 introiuit
2860 2621 2918 2670 et
2950 2610 3043 2669 ille
3070 2609 3161 2668 dis

1099 2718 1153 2770 to
1243 2710 1252 2718 '
2432 2709 2659 2788 cipulus
2688 2711 2787 2787 qui
2816 2717 3053 2769 uenerat

1007 2804 1030 2837 ²
1053 2809 1318 2871 Cucurrit
1346 2821 1401 2869 et
1431 2811 1590 2868 uenit
1619 2809 1694 2870 ad
1717 2811 1766 2868 si
2431 2808 2590 2884 prius
2619 2806 2695 2866 ad
2722 2814 3167 2866 monumentum

1102 2929 1308 2967 monem
1339 2919 1566 2986 petrum
1595 2919 1652 2968 et
1679 2908 1755 2969 ad
1783 2907 1858 2968 ali
2430 2916 2489 2965 et
2516 2906 2659 2965 uidit
2688 2915 2745 2965 et
2774 2905 3013 2965 credidit
3041 2905 3063 2937 ⁹
3082 2921 3193 2962 non

1100 3027 1194 3066 um
1225 3007 1568 3085 delrcipulum
1596 3025 1772 3083 quem
2431 3005 2573 3066 dum
2600 3005 2761 3064 enim
2790 3005 3117 3082 scriptura-

1102 3106 1329 3165 amabat
1357 3105 1447 3164 ihs
1475 3115 1535 3164 et
1562 3105 1704 3166 dicit
1730 3106 1814 3164 eis
2431 3104 2569 3182 quia
2596 3113 2825 3182 oportet
2852 3120 2987 3161 eum
3016 3120 3051 3160 a
3078 3118 3207 3158 mor

1101 3205 1356 3263 tulerunt
1383 3204 1527 3265 dfim
1556 3203 1628 3262 de
1658 3221 1760 3263 mo
2431 3205 2543 3262 tuis
2572 3220 2863 3278 resurgere
2888 3232 2903 3247 ·

1100 3313 1424 3362 numentum
1451 3313 1510 3362 et
1537 3303 1830 3362 nescimus
1857 3368 1862 3372 ⁵
2312 3297 2355 3331 ¹⁰
2375 3297 2654 3356 Abierunt
2681 3315 2825 3373 ergo
2855 3296 3062 3354 iterum

1103 3401 1206 3460 ubi
1210 3411 1528 3479 posuerunt
1555 3419 1691 3460 eum
2429 3414 2466 3455 a
2494 3395 2839 3472 semetipsos
2868 3393 3149 3470 discipuli

1059 3498 1080 3530 ³
1099 3501 1251 3557 exiit
1272 3516 1416 3575 ergo
1445 3508 1644 3576 petrus
1670 3508 1728 3558 et
1757 3498 1796 3558 il
2366 3493 2409 3526 ¹²
2430 3494 2614 3552 maria
2641 3503 2834 3552 autem
2864 3493 3052 3551 stabat

1105 3638 1914 3656 .........
2428 3592 2505 3653 ad
2532 3597 2984 3651 monumentum
3011 3587 3112 3666 plo

1105 3739 1914 3754 .........
2428 3709 2563 3750 rans
2592 3690 2733 3751 dum
2760 3707 2906 3767 ergo
2934 3688 3207 3767 plorabat

1403 3838 1416 3852 .
1461 3794 1482 3825 ⁴
1499 3794 1801 3853 currebant
2428 3789 2728 3850 inclinauit
2758 3809 2819 3880 ee
2846 3799 2905 3848 et
2934 3786 3241 3866 prospexit

847 3924 968 3988 Cap.
989 3939 1056 3973 xx
1110 3937 1132 3972 1
1155 3924 1284 3974 uidit
1307 3940 1373 3975 m.
1400 3939 1422 3973 1
1445 3940 1459 3984 ;
1493 3923 1631 3974 uidet
1653 3941 1778 3975 corr.
1803 3924 1898 3989 qui
1915 3931 1964 3973 et
1984 3929 2005 3972 t
2025 3929 2182 3987 supra
2205 3923 2393 3972 lineam
2416 3921 2627 3972 addidit.

843 4007 912 4055 In
939 4007 1105 4056 eadem
1125 4008 1356 4056 columna
1380 4007 1542 4058 lineae
1562 4008 1774 4057 ultimae
1796 4013 2010 4071 prorsus
2032 4011 2373 4068 manner-unt,
2394 4009 2441 4053 et
2462 4003 2545 4053 hic
2568 4004 2675 4053 illic
2695 4018 2728 4051 a
2752 4018 2910 4052 manu
2934 3997 3200 4050 recentiori
3216 4001 3483 4061 perperam

775 4087 1140 4152 redintegratae
1159 4089 1413 4139 videntur.

2779 4441 2926 4492 Y2‘
