4373 5048
915 489 1082 535 xxx
1909 468 2655 536 INTRODUCTION.

918 637 1164 700 Selected
1182 638 1446 715 readings
1461 639 1584 698 and
1601 639 1934 716 renderings
1959 642 2022 700 in
2041 641 2231 702 whicfi
2328 641 2573 704 Selected
2586 642 2856 718 readings
2872 643 2995 702 and
3006 643 3339 721 renderings
3360 642 3423 702 in
3442 643 3631 704 which

1165 736 1196 796 f
1214 757 1257 816 q
1283 738 1450 816 dtffer
1453 739 1626 816 from
1652 740 1786 799 each
1812 739 1982 801 other.
2575 740 2606 799 f
2663 759 2705 820 q
2771 759 2874 799 are
2932 741 3143 816 agreed
3188 743 3428 817 against
3474 743 3632 802 other

921 835 1088 897 Matt.
1116 836 1188 895 vi.
2571 836 2877 917 European
2904 844 3073 898 texts.

1004 953 1060 1014 5.
1100 945 1301 995 amant
1355 945 1506 996 stare
1562 936 1622 994 in
1677 935 1996 1012 synagogis
2051 945 2111 995 et
2165 937 2227 994 in
2328 940 2399 998 vi.
2444 959 2481 1012 4
2532 939 2655 996 and
2704 939 2760 996 6.
2810 935 3014 997 reddet
3051 935 3157 996 tibi
3206 936 3269 996 in
3314 937 3627 1000 manifesto

1163 1033 1393 1110 angulis
1410 1033 1734 1112 platearum
1753 1043 1970 1094 stantes
1981 1032 2225 1094 adorare
2545 1035 2616 1113 s
2628 1055 2681 1112 q.

1161 1151 1200 1191 a
1228 1132 1262 1191 b
1289 1129 1379 1211 (d)
1407 1129 1492 1212 (k)
1519 1151 1570 1208 q.
2650 1151 2731 1193 re.
2758 1133 2816 1192 ti.
2844 1130 2905 1190 in
2932 1130 3129 1208 palam
3154 1151 3194 1190 a
3220 1133 3269 1190 b.

1242 1249 1346 1290 om.
1373 1230 1598 1308 stares
1607 1230 1742 1289 Am.
2648 1228 2850 1291 reddet
2874 1229 2979 1289 tibi
3004 1230 3051 1288 d
3068 1229 3107 1287 k
3130 1230 3265 1288 Am.

2373 1383 2463 1424 ιο.
2506 1363 2607 1423 fiat
2624 1363 2897 1424 uoluntas
2916 1371 3017 1422 tua
3044 1363 3192 1422 sicut
3212 1362 3272 1421 in
3294 1363 3459 1424 caelo
3480 1375 3540 1425 et
3565 1365 3627 1424 in

2570 1461 2795 1538 terras
2806 1479 2843 1537 q
2868 1459 3001 1520 Am.

2648 1579 2750 1619 om.
2774 1561 2921 1618 sicut
2946 1578 2985 1617 a
3011 1557 3044 1618 b
3070 1557 3121 1616 k.

966 1687 1056 1748 15.
1099 1674 1431 1736 remiseritis
1461 1717 1474 1733 .
1503 1717 1516 1732 .
1544 1675 1795 1735 remittet
1819 1695 1858 1734 a
1885 1675 1919 1736 b
1947 1675 1982 1732 k
2008 1694 2059 1751 q.
2375 1679 2462 1736 13·
2506 1657 2809 1736 Doxologr
2836 1659 2897 1717 in
2924 1656 3013 1715 the
3038 1655 3247 1715 lord's
3272 1655 3577 1736 Prwerf
3588 1679 3624 1736 q

1244 1771 1580 1832 dimiseritis·
1600 1817 1614 1832 .
1643 1817 1658 1832 .
1687 1772 1934 1833 dimittet
1940 1773 2070 1851 sA
2078 1791 2148 1832 m.
2653 1755 2757 1837 (k),
2782 1776 2865 1816 see
2890 1755 3072 1830 above,
3088 1763 3152 1832 p.
3180 1755 3315 1815 xxii·

970 1872 1059 1930 16.
1103 1869 1318 1932 habent
1345 1869 1682 1931 mercedem
1709 1888 1875 1931 suam
1903 1891 1942 1931 a
1969 1872 2001 1930 b
2029 1891 2078 1949 q.

1243 1979 1632 2046 perceperunt
1639 1971 1714 2050 fl

1245 2077 1594 2144 receperunt
1617 2067 1749 2127 Am.

1246 2165 1542 2225 consecuti
1575 2175 1712 2224 sunt
1741 2167 1790 2224 k.

971 2275 1060 2336 17.
1104 2273 1166 2321 tu
1195 2305 1208 2320 .
1238 2308 1250 2321 .
1284 2280 1417 2323 cum
1445 2263 1672 2323 ieiunas
1699 2283 1736 2340 q
1763 2262 1895 2323 Am.

1251 2370 1312 2420 tu
1342 2405 1355 2418 .
1388 2405 1401 2419 .
1429 2361 1696 2422 ieiunans
1698 2361 1770 2439 j:

1247 2477 1359 2519 uos
1389 2503 1401 2516 .
1433 2504 1446 2519 .
1476 2477 1611 2519 cum
1639 2460 1908 2520 ieiunatis
1933 2479 1972 2518 a
1999 2461 2047 2520 b.

1249 2576 1360 2617 uos
1389 2602 1402 2616 .
1433 2603 1446 2618 .
1477 2558 1798 2619 ieiunantes
1826 2559 1877 2618 k.

972 2675 1044 2731 19
1073 2655 1383 2736 (similarly
1410 2674 1462 2715 v.
1497 2656 1615 2735 πο).

1085 2756 1186 2814 ubi
1205 2772 1385 2831 erugo
1413 2763 1472 2815 et
1499 2756 1655 2815 tinea
1677 2765 1736 2815 et
1765 2766 2100 2817 comestura
2129 2773 2236 2815 ex-

1249 2854 1520 2913 terminat
1546 2874 1598 2930 q.

1165 2953 1268 3011 ubi
1284 2969 1470 3029 erugo
1497 2962 1554 3011 et
1583 2954 1741 3011 tinea
1767 2953 2110 3012 exterminat
2137 2971 2174 3010 a
2204 2951 2237 3009 b

1249 3050 1323 3126 cf
1335 3049 1468 3107 Am.

1169 3147 1270 3207 ubi
1293 3146 1451 3207 tinea
1477 3156 1534 3206 et
1561 3164 1746 3223 erugo
1769 3147 2157 3206 exterminant
2162 3146 2235 3224 f

1171 3245 1271 3304 ubi
1344 3246 1498 3305 tinea
1565 3254 1624 3304 et
1692 3254 2022 3305 comestura
2084 3254 2237 3304 eter-

1249 3342 1474 3403 minant
1503 3342 1555 3401 k.

1005 3457 1180 3537 (nis
1219 3459 1273 3517 is
1313 3478 1352 3517 a
1391 3476 1524 3531 very
1549 3458 1701 3516 clear
1725 3456 1954 3535 conflate
1992 3458 2249 3534 reading,
2284 3458 2403 3518 and
2437 3459 2616 3518 shews
2657 3456 2744 3517 the
2784 3456 3097 3517 occasional
3134 3456 3411 3517 tntrusion
3447 3454 3525 3532 os
3548 3472 3624 3513 an

1249 3557 1505 3634 African
1530 3557 1754 3615 clement
1776 3558 1890 3615 into
1917 3554 1998 3635 q.)

969 3700 998 3739 2
1013 3700 1061 3739 1.
1103 3680 1449 3741 thensaurus
1475 3690 1612 3739 tuus
1645 3724 1660 3738 .
1691 3724 1704 3740 .
1733 3698 1834 3741 cor
1869 3690 2036 3739 tuum
2073 3674 2162 3759 (a)
2191 3679 2224 3739 b

1332 3777 1581 3855 kqu.

1253 3876 1601 3937 thensaurus
1627 3885 1820 3936 uester
1864 3920 1878 3935 .
1907 3919 1924 3937 .
1966 3893 2072 3935 cor
2101 3892 2233 3935 ues-

1333 3984 1485 4034 trum
1489 3974 1559 4052 fl

971 4092 1065 4133 π.
1109 4072 1346 4133 lucerna
1365 4072 1624 4149 corporis
1643 4072 1724 4132 tui
1746 4082 1834 4133 est
1861 4071 2069 4133 oculus
2095 4082 2231 4131 tuus

1331 4190 1369 4229 a
1396 4170 1430 4232 b
1458 4167 1543 4250 (k)
1571 4189 1623 4247 q.

1197 4288 1302 4331 om.
1335 4268 1417 4329 tui
1443 4270 1564 4327 and
1585 4278 1718 4330 tuus
1725 4270 1791 4345 s
1805 4268 1940 4329 Am.
