4373 5048
995 408 1078 438 ψ.
1141 327 1551 446 [ΝῙΤΙΠῙΙ
1584 369 1740 445 SC'J
1777 380 1958 442 ΕΗΔ
1967 327 2346 446 Νέἒιη.
2394 383 2597 446 SEC·
2645 327 3160 444 ΜῇἨΕυΜ·
3216 414 3299 440 ψ,
3402 394 3469 459 [1.
3500 407 3656 458 1-23.

2212 493 2342 544 liber
2364 494 2458 544 iste
2480 501 2554 545 est
2576 498 2656 544 sce
2679 493 2836 546 marie
2858 494 3029 559 §Eique
3052 492 3327 543 corbiniani
3351 492 3586 558 frisinge3

368 599 496 650 τοι.
519 596 600 651 1.*
629 599 680 654 1.
718 591 926 654 ¹Liber

574 705 605 741 *
629 688 1020 766 generationis

576 799 607 835 *
631 783 731 842 ihu
757 783 861 859 xpi
887 783 968 841 fili
997 781 1100 842 did
1116 811 1132 830 ·

577 894 608 928 ια
633 875 714 934 fili
741 875 1020 935 abraham
1046 911 1060 926 ·

577 988 608 1022 ια
631 964 1002 1050 '[abr]aham
1030 986 1189 1046 genu

578 1082 609 1118 a:
637 1059 707 1146 [it
733 1059 917 1146 i]saac
941 1101 954 1115 ·
1011 1063 1170 1123 isaac

578 1176 609 1212 a:
631 1159 835 1235 genuit
864 1159 1040 1218 iacob
1059 1187 1072 1202 ·

578 1270 609 1306 a:
633 1252 806 1312 iacob
832 1261 1030 1312 autem
1057 1269 1133 1328 ge

578 1364 609 1400 a:
635 1347 758 1406 nuit
784 1345 982 1406 iudam
1009 1355 1067 1404 et

631 1441 837 1501 fratres
865 1441 991 1499 eius
1011 1471 1024 1484 ·

631 1533 827 1594 ’iudas
853 1543 1047 1593 autem
1075 1551 1153 1610 ge

631 1628 756 1689 nuit
783 1627 935 1688 sares
963 1638 1023 1688 et

629 1741 763 1784 zara
789 1742 864 1782 ex
892 1722 1152 1781 thamar·

628 1817 782 1876 fares
810 1827 1006 1877 autem

628 1911 1048 1989 genuit-esrom
1071 1947 1086 1962 ·

628 2023 826 2066 esrom
854 2014 1050 2063 autem

628 2100 832 2176 genuit
859 2116 1020 2158 aram
1042 2135 1056 2149 ·

625 2196 820 2254 ⁴aram
849 2202 1044 2252 autem

629 2288 830 2364 genuit
861 2289 1058 2347 amina

629 2381 748 2441 dab
769 2417 782 2431 ·
831 2381 1146 2440 aminadab

628 2522 826 2572 autem
856 2512 1063 2589 genuit
1087 2540 1100 2559 ·

627 2623 885 2666 naasson
907 2642 921 2657 ·
977 2623 1122 2665 naas

629 2719 739 2761 son
767 2711 964 2759 autem
992 2718 1068 2775 ge

628 2796 752 2856 nuit
779 2794 1006 2854 salmon
1027 2829 1041 2844 ·

627 2890 888 2950 ‘salmon
921 2898 1118 2949 autem

628 2985 828 3061 genuit
855 2985 1006 3043 booz

628 3098 702 3139 ex
729 3078 946 3138 rachab
967 3114 984 3130 ·
1043 3078 1194 3137 booz

629 3183 824 3233 autem
853 3172 1054 3248 genuit

627 3266 806 3328 obeth
833 3285 907 3326 ex
936 3265 1066 3325 ruth
1089 3302 1102 3317 .

629 3361 808 3421 obeth
835 3371 1029 3419 autem

597 3483 608 3493 ·
629 3455 831 3532 genuit
855 3455 1005 3513 iesse
1025 3489 1038 3503 ·

627 3550 807 3609 ‘iesse
835 3558 1030 3608 autem
1059 3564 1134 3624 ge

629 3644 756 3703 nuit
781 3643 958 3703 dauid
985 3661 1048 3702 re

628 3755 766 3816 gem
786 3773 801 3790 .
861 3735 1036 3797 dauid
1061 3744 1242 3795 aute*
1271 3766 1286 3782 ·

627 3850 731 3891 rex
758 3831 963 3907 genuit
989 3848 1058 3889 so

628 3925 930 3986 lomonem
959 3942 1033 3983 ex
1059 3942 1132 3982 ea

629 4039 781 4098 quae
809 4018 916 4078 suit
939 4019 1097 4077 uriae
1121 4052 1136 4068 ·

630 4114 952 4176 ‘'Solomon
981 4122 1178 4171 autem
1207 4144 1220 4159 ·

628 4209 832 4287 genuit
863 4208 1107 4269 roboam

1381 595 1626 655 roboam
1654 601 1850 653 autem

1383 689 1584 763 genuit
1611 687 1788 747 abiud
1809 724 1823 738 ·

1385 781 1562 841 abiud
1591 791 1784 841 autem
1812 799 1889 860 ge

1385 875 1512 934 nuit
1539 874 1723 952 asaph
1746 911 1759 924 ·

1385 968 1599 1045 ‘asaph
1627 978 1822 1029 autem
1851 987 1927 1046 ge

1385 1063 1509 1121 nuit
1536 1062 1785 1122 iosasath
1803 1099 1818 1114 ·

1382 1155 1591 1216 iosafat
1618 1165 1813 1216 autem

1383 1251 1586 1327 genuit
1611 1251 1795 1310 ioram
1815 1281 1830 1297 ·

1381 1344 1570 1403 ioram
1599 1353 1793 1404 autem

1383 1439 1584 1514 genuit
1612 1437 1800 1497 oziam
1823 1475 1834 1490 ·

1383 1532 1570 1591 ⁹ozias
1597 1541 1792 1590 autem
1818 1551 1892 1608 ge

1383 1625 1509 1683 nuit
1541 1625 1802 1684 ioatham
1824 1662 1839 1677 ·

1383 1718 1642 1779 ioatham
1670 1723 1804 1779 aute

1382 1813 1581 1889 genuit
1607 1812 1784 1874 achas
1805 1850 1818 1864 ·

1383 1906 1563 1966 achas
1591 1917 1784 1966 autem
1811 1925 1887 1984 ge
1989 1909 2000 1916 ’

1381 2001 1509 2060 nuit
1533 2001 1828 2060 ezechiam

1379 2093 1655 2154 ¹⁰ezecias
1681 2105 1877 2154 autem

1380 2188 1580 2265 genuit
1611 2206 1830 2248 manna

1383 2300 1508 2342 sem
1531 2319 1544 2335 .
1605 2299 1918 2342 mannases

1381 2387 1576 2436 autem
1604 2377 1802 2453 genuit

1381 2527 1581 2569 amos·
1639 2528 1806 2569 amos
1837 2513 1969 2571 aute

1380 2603 1579 2678 genuit
1606 2602 1810 2662 iosiam
1831 2641 1845 2655 ·

1380 2692 1420 2729 ¹¹
1433 2696 1607 2754 iosias
1633 2706 1829 2756 autem

1380 2790 1580 2866 genuit
1603 2788 1777 2850 iecho

1380 2885 1540 2943 niam
1561 2920 1574 2935 ·
1631 2895 1690 2945 et
1717 2883 1919 2945 fratres

1380 2981 1506 3039 eius
1525 3004 1538 3019 ·
1596 2980 1658 3037 in
1685 2987 1845 3038 trans

1381 3073 1722 3149 migratione
1751 3074 1829 3132 ba

1381 3166 1611 3245 bylonis
1633 3202 1646 3217 ·
1703 3164 1834 3226 ¹¹Et

1380 3270 1519 3340 post
1547 3261 1787 3321 transmi

1380 3357 1702 3432 grationem
1731 3357 1809 3428 ba

1379 3450 1610 3527 bylonis
1631 3486 1644 3501 ·
1699 3451 1828 3512 ieco

1379 3546 1507 3604 nias
1533 3545 1735 3622 genuit
1762 3562 1834 3605 sa
1859 3572 1866 3579 ·

1379 3639 1574 3700 lathiel
1606 3675 1619 3690 ·
1679 3638 1912 3697 Salatiel

1380 3743 1576 3793 autem
1603 3733 1808 3809 genuit

1379 3826 1693 3887 zorobabel
1715 3862 1728 3877 ·

1378 3921 1422 3955 ¹³
1433 3920 1746 3980 zorobabel
1773 3925 1907 3980 aute

1376 4015 1574 4092 genuit
1599 4014 1793 4073 abiiud
1812 4040 1825 4055 ·

1379 4108 1554 4170 abiud
1584 4118 1780 4167 autem
1807 4128 1882 4185 ge

1379 4204 1506 4264 nuit
1529 4203 1796 4264 eliachim
1817 4228 1830 4242 ·

1379 4299 1651 4360 eliachim
1679 4307 1872 4358 autem

2197 596 2400 671 genuit
2426 613 2567 654 azor
2584 621 2597 636 ·

2197 687 2390 749 ¹⁴azor
2417 699 2613 748 autem
2642 707 2717 766 ge

2175 784 2326 857 ‚nuit
2351 783 2573 843 saddoc
2590 815 2603 828 ·

2200 876 2422 936 saddoc
2453 885 2647 936 autem

2198 971 2400 1045 genuit
2427 970 2619 1031 achim
2638 1002 2653 1017 ·

2198 1063 2391 1123 achim
2419 1073 2615 1124 autem
2642 1083 2719 1142 ge

2198 1157 2325 1216 nuit
2349 1157 2503 1218 eliud
2522 1195 2537 1211 ·
2600 1159 2646 1193 ¹⁸
2654 1159 2767 1220 cliii

2198 1262 2393 1310 autem
2418 1254 2623 1329 genuit

2198 1345 2423 1404 eleazar
2443 1381 2456 1396 ·
2511 1347 2636 1406 elea

2200 1457 2297 1497 zar
2324 1449 2521 1498 autem
2548 1459 2624 1517 ge

2200 1533 2321 1591 nuit
2350 1534 2631 1593 mattham
2650 1566 2663 1580 ·

2198 1626 2483 1685 mattham
2512 1633 2643 1688 aute

2198 1721 2397 1796 genuit
2425 1721 2595 1781 iacob
2614 1747 2628 1760 ·

2197 1812 2419 1873 ¹⁶iacob
2445 1824 2637 1874 autem
2666 1833 2741 1892 ge

2198 1909 2324 1967 nuit
2348 1909 2553 1986 ioseph
2583 1946 2598 1961 .
2630 1945 2645 1961 .
2679 1945 2692 1960 .

2198 2002 2312 2063 Cui
2339 2003 2693 2080 desponsata

2196 2097 2379 2156 maria
2406 2098 2605 2172 genuit

2194 2190 2317 2249 ihm
2341 2219 2353 2231 ·
2411 2187 2749 2268 quiuocatur

2195 2289 2308 2361 xps
2333 2311 2345 2325 ·
2402 2285 2446 2318 ¹⁷
2456 2284 2683 2345 Omnes

2193 2397 2336 2456 ergo
2362 2380 2655 2455 generatio

2192 2530 2299 2571 nes
2326 2512 2401 2571 ab
2428 2512 2705 2572 abraham
2728 2540 2741 2553 ·

2192 2624 2375 2683 usque
2405 2607 2480 2666 ad
2516 2607 2730 2666 dauid·

2191 2700 2593 2775 generationes

2193 2794 2658 2870 quattuordecim
2684 2828 2783 2845 .-

2194 2884 2272 2945 Et
2300 2886 2375 2945 ad
2405 2886 2581 2946 dauid
2608 2888 2753 2967 usq‘·

2194 2981 2271 3039 ad
2300 2980 2649 3057 transmigra

2194 3074 2415 3133 tionem
2445 3074 2659 3149 babylo

2194 3169 2284 3227 nis
2310 3168 2608 3244 generatio

2191 3280 2297 3321 nes
2324 3262 2668 3339 quattuorde

2192 3357 2309 3416 cim
2332 3383 2345 3397 ·
2402 3356 2478 3415 Et
2506 3374 2542 3415 a
2568 3366 2728 3415 trans

2191 3450 2539 3527 migratione
2567 3452 2646 3510 ba

2175 3544 2419 3621 bylonis
2443 3575 2456 3590 ·
2512 3560 2698 3621 usque

2191 3639 2269 3713 ad
2295 3644 2439 3715 xpm
2467 3638 2723 3715 generati

2190 3750 2337 3792 ones
2364 3742 2639 3809 quattuor

2188 3824 2512 3886 decim—0¹⁸
2525 3825 2689 3902 †Xpi
2717 3843 2793 3884 au

2190 3931 2311 3981 tem
2337 3920 2631 3996 generatio

2192 4014 2275 4073 sic
2304 4022 2427 4072 erat
2450 4040 2463 4052 ·

2191 4106 2345 4167 Cum
2367 4118 2526 4167 esset
2554 4108 2779 4185 despon

2190 4211 2316 4261 sata
2344 4210 2526 4261 mater
2552 4202 2675 4261 eius

2185 4295 2369 4355 maria
2396 4294 2604 4372 ioseph

2249 4412 2285 4467 †
2317 4409 2515 4458 initium
2534 4409 2715 4484 lect—de

2314 4484 2573 4533 natiuitate
2590 4482 2677 4531 dm

2949 591 3285 670 Antequam
3312 610 3503 654 conue

2950 687 3141 746 nirent
3164 717 3177 733 ·
3239 687 3421 747 inuen

2950 789 3010 839 ta
3039 791 3129 840 est
3155 781 3216 840 in
3243 790 3413 842 utero

2948 871 3175 933 habens
3206 874 3280 934 de
3308 880 3420 951 spu

2950 974 3053 1026 sco
3078 1001 3091 1014 ·
3118 999 3131 1014 ·
3197 965 3461 1047 ¹⁹i0seph

2947 1070 3144 1120 autem
3171 1061 3260 1120 uir
3284 1063 3409 1122 eius
3432 1093 3447 1108 ·

2949 1173 3083 1214 cum
3114 1163 3269 1214 esset
3294 1155 3505 1215 iustus·

2949 1257 3008 1307 et
3034 1248 3196 1308 nolet
3222 1266 3357 1307 eam
3385 1259 3473 1308 tra

2952 1340 3165 1400 ducere
3190 1367 3203 1380 ·
3264 1342 3405 1401 uolu

2946 1434 2990 1492 it
3018 1435 3247 1494 occulte
3276 1433 3443 1495 dimit

2949 1539 3069 1587 tere
3098 1527 3257 1588 illam
3280 1555 3293 1568 ·

2947 1619 2995 1654 ²⁰
3007 1620 3141 1682 Hec
3170 1640 3243 1683 eo
3276 1622 3572 1700 cogitante
3592 1647 3606 1664 ·

2946 1733 3088 1774 ecce
3117 1715 3362 1792 angelus
3391 1716 3492 1775 dni

2948 1810 3215 1885 apparuit
3242 1809 3304 1868 in
3332 1826 3464 1869 som

2947 1902 3041 1962 nis
3071 1903 3272 1962 dicens
3295 1929 3308 1943 ·
3363 1904 3424 1962 io

2947 1994 3095 2072 seph
3114 2023 3127 2036 ·
3187 1996 3266 2055 fili
3294 1995 3475 2057 dauid
3491 2019 3507 2036 ·

2948 2107 3025 2148 ne
3052 2090 3261 2150 timeas
3289 2091 3416 2149 acci

2946 2201 3087 2260 pere
3114 2184 3359 2243 mariam

2947 2277 3257 2353 coniugem
3287 2287 3447 2337 tuam
3469 2306 3483 2324 ·

2948 2371 3129 2444 Quod
3155 2371 3313 2430 enim
3340 2372 3402 2431 in
3431 2389 3501 2432 ea

2941 2513 3213 2564 nascetur
3240 2503 3316 2565 de
3343 2508 3457 2581 spu

2941 2604 3045 2657 sco
3073 2608 3161 2657 est
3178 2624 3191 2638 ·
3254 2596 3299 2635 ²²
3310 2599 3495 2675 pariet

2942 2703 3137 2751 autem
3166 2692 3351 2751 filium

2939 2796 2997 2845 et
3029 2786 3271 2845 uocabis
3298 2803 3520 2846 nomen

2940 2880 3066 2939 eius
3092 2879 3214 2938 ihm
3239 2905 3252 2920 ·
3313 2880 3439 2958 ipse

2942 2974 3099 3033 enim
3129 2974 3358 3033 saluum
3386 2973 3444 3033 sa

2942 3068 3055 3127 ciet
3081 3068 3371 3144 populum

2943 3179 3115 3220 suum
3144 3180 3181 3220 a
3206 3162 3465 3239 peccatis

2942 3274 3149 3315 eorum
3170 3260 3208 3320 †
3266 3252 3463 3315 ”Hoc

2941 3360 3137 3409 autem
3165 3357 3356 3408 totum

2942 3444 3157 3502 factum
3185 3453 3271 3502 est
3296 3469 3309 3483 ·
3374 3452 3438 3501 ut

2940 3536 3348 3613 adimpleretur

2939 3630 3102 3707 quod
3130 3631 3347 3689 dictum
3376 3638 3467 3689 est

2940 3744 2977 3783 a
3005 3724 3125 3782 dfio
3150 3755 3163 3769 ·
3192 3741 3297 3799 per
3325 3740 3429 3781 esa

2940 3820 3057 3877 iam
3087 3817 3371 3895 profetam

2939 3912 3229 3972 dicentem
3254 3936 3267 3951 ·

2937 4005 3149 4065 ”Ecce
3176 4004 3345 4080 uirgo
3372 4003 3433 4061 in
3460 4012 3559 4063 ute

2937 4119 3005 4161 ro
3034 4097 3268 4159 habebit
3290 4128 3303 4142 ·
3367 4095 3445 4155 Et

2938 4195 3123 4273 pariet
3154 4192 3339 4251 filium
3360 4215 3375 4231 ·

2936 4289 3014 4349 Et
3040 4290 3337 4349 uocabunt
3365 4302 3447 4344 no

3677 598 3803 652 1¹01.
3823 599 3879 652 8.
