4373 5048
2136 344 2376 407 SECD
2399 380 2414 395 ·
3247 354 3390 420 [vu.
3411 358 3660 425 29-v111.
3687 372 3769 411 ιο.

762 342 845 421 84

3066 514 3333 593 malignis
3361 528 3420 576 et
3447 518 3657 577 infirmi
3791 528 3922 577 ποι.
3947 528 4082 579 108.

3063 610 3279 669 tatibus
3303 641 3317 657 ·
3378 612 3561 670 maria
3588 631 3704 689 que

2311 533 2526 593 aquam
2555 516 2616 573 in
2647 515 2894 593 pedibus

2311 609 2452 667 mihi
2481 628 2600 669 non
2630 610 2842 668 dedisti

1510 524 1574 575 ut
1603 518 1881 593 cognouit
1962 513 2125 593 quod

1510 612 1769 670 recubuit
1795 612 1856 669 in
1885 612 2117 670 domu-

459 520 588 570 ποι.
608 522 732 579 105,
759 514 1033 592 baptizati
1059 513 1249 591 baptis

759 629 923 668 mum
951 607 1225 667 iohannis

757 703 803 736 ⁸⁰
821 703 869 761 F
870 702 1039 761 arisei
1067 713 1263 760 autem
1292 712 1349 760 et

756 798 903 873 legis
930 797 1130 874 periti·
1188 814 1303 855 con

758 892 949 950 silium
980 891 1249 967 dispreue

756 996 891 1043 runt
919 986 981 1043 in
1008 1002 1069 1043 se
1099 1002 1222 1042 non
1250 986 1360 1061 bap

754 1080 909 1137 tizati
938 1081 1013 1137 ab
1042 1078 1141 1137 illo
1160 1110 1173 1124 ·
1232 1075 1277 1111 ⁸¹
1298 1078 1407 1139 Cui

753 1190 897 1250 ergo
927 1173 1141 1231 similes
1170 1173 1299 1232 dica

751 1266 1024 1327 homines
1051 1267 1181 1326 huis
1207 1286 1283 1343 ge

752 1362 1101 1421 nerationis·
1142 1360 1221 1419 Et

751 1456 845 1513 cui
874 1455 1091 1515 similes
1118 1464 1255 1513 sunt
1272 1487 1287 1502 ·

748 1548 793 1581 ⁸²
812 1549 1041 1607 Similes
1070 1534 1206 1608 sunt
1234 1568 1351 1626 pue

748 1643 825 1701 ris
854 1643 1191 1702 sedentibus

746 1736 810 1795 in
839 1736 899 1794 fo
928 1744 985 1794 et
1011 1736 1273 1814 loquenti

748 1830 861 1889 bus
890 1830 964 1889 ad
994 1830 1251 1887 inuicem

748 1924 1007 1983 dicentes
1076 1932 1249 1980 canta

746 2018 941 2075 uimus
966 2016 1138 2074 uobis
1167 2024 1225 2075 et
1253 2034 1377 2074 non

748 2110 997 2169 saltastis
1016 2142 1029 2155 ·
1092 2110 1287 2169 lamen

747 2204 999 2262 tauimus
1035 2204 1205 2263 uobis

744 2308 802 2355 et
831 2315 954 2355 non
981 2296 1250 2373 plorastis
1269 2327 1284 2342 ·

742 2388 969 2449 ²'⁸Uenit
984 2392 1143 2449 enim
1159 2390 1449 2451 iohannes

742 2522 992 2600 baptista
1013 2555 1027 2571 ·
1090 2541 1280 2601 neque

742 2618 1107 2677 manducans
1138 2637 1365 2696 nequae

741 2711 952 2771 bibens
976 2743 991 2758 ·
1032 2713 1112 2770 Et
1137 2713 1329 2772 dicitis

740 2805 1115 2865 daemonium
1144 2806 1319 2866 habet
1342 2838 1355 2853 ·

736 2897 780 2930 ⁸⁴
800 2898 977 2958 Uenit
1007 2900 1156 2959 filius
1185 2899 1439 2960 hominis

736 2995 1099 3053 manducans
1116 3003 1175 3054 et
1193 2996 1399 3054 bibens
1423 3027 1438 3042 ·

734 3097 794 3146 et
822 3088 1005 3148 dicitis
1024 3119 1037 3134 ·
1067 3107 1207 3148 ecce
1236 3088 1418 3149 homo

652 3189 657 3196 '
735 3193 969 3240 uorator
996 3191 1055 3240 et
1081 3181 1287 3242 bibens

732 3273 937 3331 uinum
966 3275 1277 3351 puplicano

732 3384 862 3425 rum
889 3377 948 3426 et
974 3375 1285 3444 peccatorfi

732 3461 956 3520 amicus
976 3493 991 3508 ·
1034 3461 1080 3495 ³⁶
1099 3463 1177 3521 Et
1204 3463 1376 3522 iustifi

732 3563 863 3612 cata
891 3567 979 3615 est
1008 3556 1291 3633 sapientia

731 3647 808 3706 ab
836 3649 1111 3710 omnibus
1140 3650 1267 3710 filiis

729 3742 851 3801 suis
870 3773 883 3788 ·
948 3743 991 3776 ⁸⁶
1012 3742 1266 3821 Rogauit
1296 3751 1429 3805 aute

726 3835 887 3894 illum
915 3837 1151 3914 quidam
1181 3838 1285 3898 fari

727 3945 897 3989 saeus
923 3940 985 3988 ut
1014 3933 1304 3992 manduca

1508 702 1735 764 farisaei
1756 737 1769 752 ·
1832 705 2023 764 attulit
2050 703 2143 761 ala

1506 797 1766 857 bastrum
1792 797 2075 876 unguenti
2096 828 2111 843 ·

1506 890 1551 923 ⁸⁸
1563 890 1734 951 Stans
1744 910 1913 952 secus
1923 892 2101 969 pedes
2110 891 2232 949 eius

1506 984 1755 1044 lacrimis
1784 986 2009 1062 rigabat
2031 1002 2105 1062 pe

1506 1076 1611 1137 des
1639 1080 1763 1139 eius
1832 1090 1890 1138 et
1919 1078 2139 1155 capillis

1505 1172 1715 1247 capitis
1744 1173 1833 1232 sui
1864 1174 2127 1249 tergebat
2146 1202 2160 1219 ·

1504 1274 1562 1323 et
1590 1266 1957 1327 osculabatur
1984 1284 2062 1342 pe

1504 1358 1609 1418 des
1628 1360 1753 1418 eius
1820 1369 1877 1418 et
1903 1370 2206 1435 unguento

1502 1453 1837 1528 unguebat·
1896 1452 1940 1486 ⁸⁰
1959 1452 2186 1512 Uidens

1502 1557 1699 1604 autem
1728 1546 2005 1607 fai-isaeus
2036 1547 2137 1625 qui

1500 1650 1817 1699 uocauerat
1844 1659 1982 1699 eum
2005 1672 2020 1687 ·
2086 1642 2165 1700 ait

1503 1734 1654 1791 intra
1682 1751 1743 1793 se
1774 1734 1978 1793 dicens
1998 1765 2012 1781 ·
2056 1734 2150 1795 hic

1504 1826 1553 1885 si
1580 1836 1735 1886 esset
1762 1826 1990 1904 profeta
2018 1828 2103 1887 sci

1501 1927 1586 1977 ret
1614 1919 1849 1997 utiquae
1919 1938 2069 1997 quae
2100 1930 2159 1979 et

1501 2012 1687 2090 qualis
1721 2023 1811 2072 est
1838 2014 2043 2075 mulier

1500 2123 1651 2183 quae
1672 2107 1859 2183 tangit
1878 2125 2039 2165 eum·
2069 2108 2205 2185 quia

1498 2202 1793 2275 peccatrix
1823 2210 1911 2259 est
1928 2232 1943 2247 ·
1990 2202 2113 2260 ⁴⁰Et
2140 2220 2203 2261 re

1499 2293 1801 2369 spondens
1827 2294 1917 2353 ihs
1946 2296 2025 2353 ait
2049 2296 2159 2355 illi·

1498 2386 1692 2446 simon
1714 2388 1904 2448 habeo
1927 2390 2029 2448 tibi
2052 2390 2204 2468 quod

1496 2516 1686 2578 dicere
1706 2550 1721 2565 ·
1782 2531 1841 2578 at
1870 2520 1963 2581 ille
1990 2522 2073 2581 ait

1492 2613 1772 2688 magister
1800 2615 1893 2674 dic
1919 2646 1933 2661 ·
1992 2615 2036 2649 ⁴²
2059 2615 2197 2675 Duo

1492 2705 1785 2766 debitores
1816 2719 1983 2767 erant

1491 2799 1725 2858 cuidam
1756 2799 2068 2862 feneratori
2089 2834 2103 2849 ·
2176 2851 2190 2862 .

1490 2891 1661 2951 Unus
1690 2893 1941 2954 debebat
1969 2897 2123 2955 dena

1488 2987 1606 3058 rios
1634 2989 1990 3066 quingentos
2014 3021 2028 3036 ·

1488 3091 1546 3139 et
1575 3081 1720 3140 alius
1749 3084 2112 3161 quinquagin

1488 3195 1547 3244 ta
1570 3217 1584 3232 ·
1630 3184 1677 3219 ⁴²
1692 3207 1816 3247 non
1845 3189 2192 3250 habentibus

1487 3288 1684 3339 autem
1712 3281 1819 3340 illis
1848 3283 2003 3342 unde
2032 3285 2138 3344 red

1485 3373 1621 3432 dere
1642 3404 1655 3419 ·
1716 3375 1955 3436 donauit
1980 3379 2121 3437 utris

1484 3484 1599 3544 que
1619 3498 1632 3513 ·
1693 3469 1825 3545 quis
1850 3488 1990 3547 ergo
2018 3477 2093 3531 eii

1482 3561 1615 3637 plus
1645 3561 1831 3638 diligit
1850 3594 1865 3609 ·
1925 3564 1969 3596 ⁴³
1988 3564 2109 3624 Res

1480 3654 1691 3731 pondit
1718 3665 1912 3715 autem
1942 3659 2135 3718 simon

1481 3758 1538 3807 et
1566 3749 1710 3808 dixit
1732 3781 1747 3796 ·
1807 3751 2054 3811 aestimo

1478 3843 1613 3920 quia
1640 3843 1730 3902 his
1758 3845 1853 3904 cui
1881 3845 2011 3922 plus
2042 3845 2119 3907 do

1477 3938 1637 3996 nauit
1658 3969 1672 3985 ·
1716 3948 1776 3997 at
1803 3939 1894 3997 ille
1917 3939 2061 3998 dixit
2089 3941 2143 4000 ei
2163 3973 2176 3987 ·

723 4032 812 4081 ret
840 4041 975 4082 cum
1004 4025 1102 4085 illo
1123 4057 1137 4073 ·
1200 4028 1279 4085 Et
1306 4028 1368 4086 in
1473 4041 1629 4089 recte
1658 4032 1911 4091 iudica⁸ti
1930 4065 1945 4080 ·
2008 4034 2053 4066 ⁴⁴
2073 4034 2152 4093 Et

722 4135 956 4193 gressus
984 4120 1046 4176 in
1074 4119 1317 4179 domum

723 4211 945 4272 farisaei
974 4213 1261 4274 discubuit

1475 4140 1796 4184 conuersus
1826 4127 1899 4185 ad
1928 4127 2068 4185 muli

1475 4236 1633 4276 erem
1654 4237 1665 4276 ε
1686 4219 1831 4278 dixit
1902 4221 2115 4278 simoni
2137 4253 2153 4270 ·

718 4306 1449 4368 ⁸⁷Eteccemulierinciuita
1470 4312 1635 4371 uides
1664 4313 1816 4373 hanc
1844 4315 2085 4375 muliere

714 4410 797 4460 te·
826 4421 941 4480 que
958 4413 1080 4463 erat
1101 4404 1419 4482 peccatrix·
1470 4405 1680 4465 intraui
1707 4407 1767 4465 in
1801 4406 1984 4466 domii
2011 4414 2111 4468 tua

2313 702 2480 762 Haec
2511 714 2704 763 autem
2787 704 2928 764 lacri

2313 798 2424 856 mis
2453 798 2572 857 suis
2599 798 2808 874 rigauit
2834 818 2910 877 pe

2315 891 2419 951 des
2446 909 2614 951 meos
2697 904 2756 952 et
2782 894 2935 972 capil

2313 985 2381 1044 lis
2410 986 2527 1045 suis
2555 988 2716 1045 tersit
2733 1018 2748 1033 ·
2809 987 2854 1019 ⁴⁶
2875 1006 2944 1047 os

2311 1079 2505 1139 culum
2535 1081 2676 1138 mihi
2706 1098 2828 1140 non
2856 1081 2928 1141 de

2311 1174 2442 1233 disti
2467 1206 2482 1221 ·
2504 1207 2516 1221 ·
2585 1174 2754 1233 Haec
2783 1186 2978 1235 autem

2309 1287 2384 1327 ex
2412 1287 2532 1347 quo
2561 1270 2766 1327 intraui
2794 1289 2919 1330 non

2309 1363 2556 1421 cessauit
2583 1362 2830 1422 osculari

2308 1456 2487 1532 pedes
2514 1474 2681 1515 meos
2700 1488 2713 1503 ·
2774 1456 2969 1519 “oleo

2309 1568 2432 1610 non
2457 1551 2710 1609 unexisti
2737 1562 2912 1629 caput

2307 1661 2508 1702 meum
2529 1675 2542 1690 ·
2605 1644 2774 1704 Haec
2805 1651 2938 1705 aute

2307 1748 2607 1814 unguento
2641 1740 2845 1799 uncxit
2867 1772 2882 1787 ·

2306 1832 2351 1864 ⁴⁷
2367 1830 2612 1908 Propter
2638 1833 2800 1911 quod
2828 1834 2962 1894 dico

2307 1926 2410 1986 tibi
2429 1957 2443 1972 ·
2519 1928 2762 1986 remissa
2790 1939 2922 1987 sunt

2306 2030 2551 2097 peccata
2577 2022 2703 2081 eius
2737 2024 2920 2081 multa

2305 2120 2449 2193 qilm
2477 2115 2676 2174 dilexit
2703 2117 2889 2176 multi!

2305 2207 2418 2268 Cui
2446 2218 2643 2269 autem
2676 2211 2978 2270 modicum

2303 2302 2604 2362 dimittitur
2669 2304 2904 2364 modice

2304 2396 2492 2473 diligit
2513 2428 2528 2443 ·
2575 2397 2620 2431 ⁴⁸
2635 2397 2800 2459 Dixit
2817 2400 2895 2459 illi
2914 2399 3004 2459 ihs

2302 2528 2544 2586 remissa
2571 2541 2706 2589 sunt
2735 2532 2840 2590 tibi

2300 2631 2577 2698 peccata·
2616 2621 2660 2655 ⁴⁹
2681 2623 2760 2682 Et
2789 2643 2974 2704 coepe

2299 2725 2432 2772 runt
2460 2717 2713 2792 quismul
2741 2737 2804 2777 re

2299 2809 2613 2868 cumbebat
2641 2809 2771 2871 dice

2297 2919 2357 2959 re
2388 2901 2538 2963 intra
2564 2921 2626 2962 se
2647 2935 2661 2950 ·
2722 2907 2852 2982 quis
2884 2916 2972 2965 est

2296 2994 2389 3053 hic
2460 2997 2559 3074 qui
2587 3000 2765 3058 etiarn
2794 3020 2978 3077 pecca

2296 3097 2356 3148 ta
2382 3092 2634 3151 remittet
2651 3124 2666 3140 ·
2729 3093 2776 3126 ⁸⁰
2796 3093 2959 3155 Dixit

2294 3194 2487 3242 autem
2516 3186 2591 3246 ad
2619 3187 2858 3248 muliere
2880 3221 2895 3236 ·

2293 3277 2436 3336 fides
2467 3290 2564 3338 tua
2591 3289 2645 3339 te
2676 3282 2899 3342 saluam

2291 3369 2425 3430 fecit
2467 3373 2686 3432 uadein
2696 3395 2869 3452 pace.
2885 3411 2898 3425 .
2911 3411 3018 3435 ..ἢ

2259 3463 2357 3524 *8.
2386 3463 2404 3496 ¹
2424 3464 2500 3524 Et
2517 3466 2734 3528 factum
2758 3483 2844 3531 est
2862 3474 2995 3536 dein

2257 3556 2433 3635 *ceps
2456 3591 2470 3607 ·
2531 3573 2590 3620 et
2617 3564 2742 3640 ipse
2771 3566 2878 3626 iter

2256 3649 2540 3714 *faciebat
2567 3675 2672 3744 per
2691 3659 2806 3718 ciui

2289 3755 2437 3808 tates
2466 3759 2524 3808 et
2551 3753 2786 3812 castella

2287 3841 2591 3917 predicans
2611 3876 2625 3892 ·
2687 3857 2745 3906 et
2773 3866 2924 3908 euan

2287 3935 2541 4011 gelizans
2577 3957 2824 4017 regnum

2285 4028 2344 4087 di
2365 4061 2378 4078 ·
2441 4043 2499 4093 et
2527 4033 2840 4094 duodecim
2870 4037 2958 4096 dis

2283 4127 2460 4204 cipuli
2488 4146 2622 4188 cum
2652 4129 2750 4190 illo
2770 4161 2784 4177 ·
2848 4129 2946 4190 'et

2283 4222 2554 4282 mulieres
2583 4241 2732 4301 quae
2763 4236 2928 4284 erant

2278 4324 2512 4376 curante
2541 4337 2576 4376 a
2605 4318 2850 4394 spiritibs

3065 712 3312 762 uocatur
3339 705 3692 780 magdalena

3065 798 3119 855 A
3149 816 3267 874 qua
3293 798 3568 858 demonia
3601 810 3768 877 septe

3063 891 3351 950 exierant·
3382 891 3491 951 *Et
3511 892 3770 954 iohanna

3062 1002 3211 1043 uxor
3238 1003 3412 1044 cusae
3439 1005 3692 1064 procura

3064 1078 3201 1136 toris
3229 1076 3464 1137 herodis
3483 1111 3498 1126 ·
3554 1080 3634 1140 Et
3661 1100 3730 1140 su

3061 1189 3274 1231 sanna·
3298 1172 3376 1231 Et
3393 1174 3502 1233 alie
3519 1176 3763 1235 multae·

3059 1284 3210 1343 quae
3239 1276 3298 1325 et
3323 1268 3727 1329 ministrabant

3059 1360 3139 1419 illi
3167 1360 3238 1419 de
3267 1361 3632 1421 facultatibus

3059 1455 3178 1512 suis
3201 1484 3216 1499 ·
3279 1456 3302 1488 ⁴
3320 1454 3474 1515 Cum
3503 1474 3645 1533 ergo
3673 1466 3764 1516 tur

3057 1547 3170 1606 bae
3198 1549 3618 1608 conuenissent

3058 1651 3116 1700 et
3143 1639 3216 1701 de
3243 1642 3572 1702 ciuitatibus
3599 1644 3679 1703 ad

3057 1746 3339 1793 uenerunt
3366 1735 3531 1793 multi
3552 1768 3567 1783 ·

3055 1827 3222 1887 Dixit
3247 1828 3680 1889 similitudinem

3054 1921 3230 1980 talem
3257 1921 3334 1980 ad
3361 1922 3486 1982 illos
3505 1954 3520 1969 ·
3559 1924 3758 1985 ¹⁵Ecce

3053 2016 3193 2073 exiit
3220 2016 3320 2093 qui
3349 2018 3595 2077 seminat
3617 2050 3632 2065 ·
3693 2036 3756 2078 se

3054 2110 3278 2167 minare
3307 2126 3509 2169 semen
3537 2118 3646 2171 suil
3669 2144 3684 2159 ·

3055 2203 3134 2260 Et
3161 2203 3304 2262 dum
3331 2205 3580 2263 seminat
3658 2206 3734 2264 ali

3054 2296 3136 2354 ud
3165 2296 3376 2355 cecidit
3397 2316 3564 2357 secus
3591 2300 3752 2358 uia--

3055 2398 3113 2450 et
3139 2391 3548 2449 conculcatum
3577 2401 3667 2453 est

3053 2520 3130 2580 Et
3156 2520 3421 2582 uolucres
3451 2522 3592 2582 illud

3053 2615 3434 2676 comederunt
3451 2647 3466 2663 ·
3527 2617 3642 2676 ‘Et
3668 2636 3706 2676 a

3051 2707 3170 2766 liud
3198 2710 3410 2770 cecidit
3437 2729 3613 2788 supra

3049 2811 3274 2879 petram
3293 2833 3307 2849 ·
3371 2813 3429 2864 et
3458 2815 3661 2864 natum

3047 2897 3196 2953 aruit
3262 2898 3402 2974 quia
3433 2916 3556 2957 non
3582 2899 3660 2958 ha

3047 2990 3220 3048 bebat
3247 2989 3554 3056 humorem
3575 3023 3592 3040 ·

3045 3081 3068 3115 ‘¹
3083 3081 3162 3142 Et
3189 3083 3345 3142 aliud
3368 3084 3574 3145 cecidit
3599 3087 3748 3146 inter

3047 3179 3245 3252 spinas
3269 3209 3284 3224 ·
3339 3177 3420 3238 Et
3447 3181 3616 3239 simul
3643 3199 3720 3240 ex

3045 3269 3247 3332 hortae
3275 3272 3481 3349 spinae
3509 3274 3608 3333 sof

3041 3364 3382 3426 fucauerunt
3407 3367 3546 3427 illud
3565 3400 3578 3415 ·
3599 3400 3644 3414 -

3040 3458 3062 3491 ⁸
3078 3459 3156 3518 Et
3171 3460 3328 3522 aliud
3347 3461 3544 3522 cecidit
3571 3463 3631 3521 in
3659 3473 3748 3524 ter

3041 3572 3167 3614 ram
3195 3557 3414 3615 bonam
3433 3588 3447 3604 ·
3511 3569 3568 3616 et
3591 3558 3688 3618 Ex

3041 3648 3316 3709 hortuum
3346 3650 3479 3710 fecit
3505 3651 3630 3712 fruc

3039 3752 3166 3802 tum
3194 3747 3619 3806 centensimu-·
3641 3779 3656 3794 ·

3039 3835 3208 3896 Haec
3233 3838 3434 3898 dicens
3451 3839 3744 3900 clamabat

3037 3931 3138 4008 qui
3167 3931 3341 3991 habet
3368 3951 3534 3993 aures
3561 3953 3636 3992 au

3037 4024 3234 4084 diendi
3262 4027 3491 4085 audiat·
3551 4028 3663 4087 ’In

3035 4126 3474 4196 terrogauerunt

3035 4221 3230 4271 autem
3257 4213 3419 4272 illum
3448 4213 3670 4292 disscipu

3034 4305 3074 4362 li
3103 4307 3227 4366 eius
3255 4307 3514 4368 dicentes
3541 4328 3657 4388 que

3033 4409 3120 4458 est
3149 4399 3294 4459 haec
3323 4403 3602 4477 parabola
3621 4434 3636 4450 ·

3031 4491 3076 4526 ¹⁰
3093 4495 3304 4573 quibus
3331 4496 3458 4573 ipse
3485 4497 3631 4556 dixit
