4373 5048
327 566 456 618 rol.
476 567 604 617 108.
627 569 686 621 et
713 560 958 621 simonis
975 592 991 608 ·

627 394 719 447 VI.
739 390 926 460 3-29.]

1075 578 1275 621 nonne

629 666 688 716 et
717 670 948 715 sorores
978 656 1103 715 eius

626 749 721 810 hic
751 748 1062 809 nobiscum
1091 758 1226 810 sunt
1243 780 1258 797 ·

625 854 686 905 et
711 844 1160 904 soendalhaban

626 948 718 998 tur
743 936 805 998 in
831 938 929 997 illo
951 969 966 984 ·
1027 937 1053 972 ⁴
1067 938 1146 997 Et
1173 936 1234 997 di

626 1034 797 1093 cebat
823 1032 908 1091 eis
933 1030 1024 1091 ihs
1051 1032 1192 1109 quia

624 1144 749 1185 non
775 1135 866 1186 est
892 1124 1118 1203 profeta

623 1220 750 1279 sine
777 1219 1002 1279 honore
1031 1220 1142 1279 nisi

623 1312 686 1373 in
711 1314 899 1391 patria
926 1330 1031 1373 sua
1058 1322 1116 1374 et
1143 1314 1204 1372 in

623 1423 844 1484 genero
871 1424 982 1467 suo
1007 1409 1153 1467 etin

627 1502 809 1561 domo
837 1518 944 1560 sua
965 1532 981 1548 ·
1007 1534 1020 1549 ·
1079 1500 1178 1561 ⁸et
1204 1514 1286 1562 no

625 1594 731 1654 luit
758 1596 836 1655 ibi
863 1596 1136 1655 uirtutem

627 1688 870 1748 multam
899 1686 1089 1749 facere
1107 1718 1124 1737 ·

629 1782 758 1842 Nisi
783 1798 1008 1860 paucos
1035 1780 1289 1844 infirmos
1311 1812 1327 1829 ·

626 1894 856 1955 ponens
883 1894 1124 1936 manum
1151 1896 1226 1937 cu

625 1971 774 2030 rauit
789 2001 804 2018 ·
867 1971 890 2005 ⁶
911 1980 970 2032 et
997 1972 1219 2030 miraba

625 2075 716 2125 tur
743 2074 983 2142 propter
1007 2065 1068 2123 in

626 2158 960 2219 credulitate
979 2158 1146 2219 illorfi
1165 2190 1248 2202 —-

575 2254 609 2290 ¹⁸¹
626 2250 704 2311 Et
731 2253 1010 2313 circuibat
1036 2270 1136 2313 cas

580 2342 609 2379 *
629 2347 764 2406 tella
789 2348 852 2405 in
873 2348 955 2407 cir

580 2436 611 2473 *
630 2442 785 2501 cuitu
812 2441 1036 2501 docens
1059 2472 1074 2487 ·

626 2573 746 2634 'Et
775 2574 1118 2634 conuocatis
1145 2575 1265 2634 duo

627 2667 818 2728 decim
846 2667 1142 2744 discipulis
1167 2699 1182 2714 ·

626 2761 822 2838 coepit
841 2761 969 2821 illos
997 2761 1104 2820 mit

626 2865 746 2914 tere
775 2855 946 2913 binos
974 2855 1146 2914 binos
1165 2886 1180 2902 ·

625 2946 704 3006 Et
731 2948 866 3007 data
893 2948 1002 3007 illis
1030 2959 1202 3025 potes

627 3049 744 3100 tate
772 3045 985 3117 spuum
1012 3041 1075 3100 in

625 3135 978 3195 mundorum
1000 3167 1015 3182 ·

625 3226 648 3260 ⁸
664 3227 998 3305 Precipiens
1025 3229 1108 3288 eis
1135 3243 1213 3287 ne

628 3321 768 3400 quid
795 3321 1057 3382 tollerent

627 3415 688 3473 in
713 3416 810 3474 uia
879 3415 990 3474 nisi
1017 3413 1245 3493 uirgam

628 3518 852 3568 tantum
872 3538 888 3555 ·
972 3525 1095 3569 non
1121 3525 1197 3586 pe

626 3619 752 3662 ram
772 3634 785 3648 ·
862 3619 986 3662 non
1019 3607 1174 3680 pane
1199 3632 1214 3649 ·

628 3713 816 3774 neque
841 3697 904 3754 in
931 3713 1084 3756 zona
1111 3711 1212 3756 aes
1236 3725 1251 3742 ·

627 3789 650 3823 ⁹
665 3790 770 3849 sed
797 3790 1070 3850 calciatos
1099 3807 1208 3850 san

629 3883 794 3943 daliis
812 3917 825 3930 ·
848 3915 862 3931 ·
919 3894 979 3943 et
1005 3901 1082 3942 ne
1109 3883 1254 3943 indu

626 3987 856 4036 crentur
882 3977 1028 4038 duas

627 4072 851 4131 tunicas
871 4103 888 4119 ·
910 4104 924 4118 ·
944 4102 960 4119 ·
1003 4069 1050 4103 ¹⁰
1065 4083 1122 4130 et
1149 4069 1288 4130 dicit

626 4166 710 4225 eis
737 4181 1108 4242 quocumque

625 4258 951 4318 introieritis
978 4258 1060 4318 do

624 4369 787 4412 mum
813 4352 926 4412 illic
953 4369 1130 4412 mane

1939 384 2212 448 MARC
2232 417 2253 449 ι
2280 418 2293 433 ·

1381 559 1422 597 ¹¹
1442 570 1500 620 et
1528 561 1880 638 quicumque

1383 671 1506 713 non
1535 655 1779 714 recerint
1805 663 1907 716 u0s
1929 686 1944 703 ·

1379 748 1681 808 Exeuntes
1719 748 1856 809 inde

1380 844 1634 903 excutite
1659 843 1846 920 pedes

1378 944 1605 996 uestros
1633 954 1768 996 cum
1796 936 1898 1014 pul

1378 1047 1516 1090 uere
1541 1030 1603 1088 in
1633 1031 1870 1091 testimo

1379 1123 1543 1181 nium
1569 1124 1679 1183 illis
1702 1155 1717 1171 ·
1777 1142 1953 1186 amen

1379 1216 1514 1276 dico
1541 1218 1714 1277 uobis
1737 1250 1752 1265 ·
1837 1218 1956 1279 tole

1379 1310 1612 1371 rabilius
1639 1312 1745 1371 erit
1773 1330 1840 1372 so

1380 1403 1572 1465 domis
1598 1414 1658 1463 et
1687 1414 1892 1483 g0m0r

1379 1496 1458 1555 ris
1485 1497 1547 1556 in
1575 1494 1668 1557 die
1695 1500 1892 1559 iudicii

1380 1607 1560 1668 quam
1585 1592 1664 1650 illi
1691 1592 1865 1653 ciuita

1379 1686 1422 1743 ti
1443 1716 1458 1732 ·
1481 1716 1495 1731 ·
1537 1683 1642 1745 ¹⁸et
1657 1687 1962 1748 Exeuntes
1977 1702 2083 1765 pre

1379 1780 1760 1856 predicabant
1787 1790 1851 1840 ut

1379 1873 1759 1949 penitentiam
1802 1892 1840 1934 a

1377 1978 1584 2043 gerent
1648 1966 1694 2001 ¹⁸
1711 1968 1788 2027 Et
1817 1968 1891 2028 ali

1380 2061 1479 2137 qui
1507 2080 1581 2121 ex
1611 2061 1721 2122 illis
1749 2062 1872 2121 mul

1379 2165 1440 2215 ta
1468 2155 1734 2216 dem⁰nia
1761 2156 1906 2216 eicie

1381 2249 1522 2308 bant
1546 2282 1559 2296 ·
1631 2260 1690 2309 et
1713 2266 1912 2327 uguen

1379 2351 1468 2402 tes
1494 2344 1632 2403 oleo
1661 2344 1875 2404 multos

1378 2446 1614 2513 egrotos
1641 2454 1858 2497 sanaue

1377 2579 1547 2628 runt·
1605 2568 1892 2630 ¹⁴Audiuit

1378 2673 1574 2723 autem
1600 2663 1850 2724 herodes

1377 2775 1480 2816 rex
1505 2788 1520 2804 ·
1604 2757 1918 2818 manifestii

1378 2851 1536 2911 enim
1565 2861 1688 2911 erat
1714 2869 1938 2912 nomen

1379 2945 1504 3006 eius
1584 2955 1644 3005 et
1669 2945 1902 3006 dicebat

1378 3039 1539 3116 quod
1567 3038 1854 3100 iohannes

1378 3133 1626 3210 baptista
1653 3150 1815 3192 resur

1377 3227 1523 3286 rexit
1551 3245 1588 3284 a
1614 3228 1856 3288 mortuis
1878 3256 1894 3274 ·

1377 3330 1435 3379 et
1461 3331 1771 3398 propterea
1799 3321 1862 3380 ef

1376 3414 1644 3473 ficiuntur
1669 3413 1818 3473 uirtu

1376 3515 1464 3566 tes
1492 3507 1552 3566 in
1579 3508 1678 3568 illo
1701 3538 1716 3555 ·
1775 3506 1822 3542 ¹⁸
1837 3507 1952 3567 Alii
1979 3525 2056 3568 au

1377 3611 1497 3660 tem
1525 3601 1794 3662 dicebant
1821 3601 1973 3680 quod

1377 3694 1560 3754 helias
1587 3705 1677 3755 est
1758 3695 1876 3754 Alii
1902 3713 1976 3754 ue

1377 3806 1445 3848 ro
1473 3788 1746 3848 dicebant
1773 3789 1908 3865 quia

1377 3881 1604 3958 profeta
1629 3892 1716 3942 est
1742 3899 1860 3958 qua

1379 3977 1426 4036 si
1454 3993 1604 4034 unus
1632 3993 1706 4035 ex
1734 3974 1899 4052 profe

1378 4071 1451 4128 tis
1471 4101 1486 4116 ·
1547 4067 1591 4102 ¹⁶
1607 4068 1746 4142 Quo
1777 4069 1976 4129 audito

1377 4163 1624 4223 herodes
1651 4164 1730 4222 ait
1749 4194 1763 4210 ·
1847 4167 1964 4240 que

1368 4275 1490 4335 ego
1517 4257 1764 4317 decollui
1790 4256 1886 4317 hic

1373 4360 1460 4411 est
1487 4351 1772 4410 iohannes
1789 4381 1804 4398 ·

624 4453 681 4504 te
709 4445 898 4507 donec
932 4445 1148 4506 exeatis
1169 4445 1306 4507 inde
1372 4445 1466 4505 hic
1496 4446 1738 4505 surrexit

2194 580 2230 620 a
2258 562 2503 621 mortuis
2526 592 2541 609 ·
2564 594 2577 609 ·
2605 594 2618 609 ·
2642 560 2687 597 ¹⁷
2706 562 2847 641 Ipse

2193 656 2353 715 enim
2379 654 2629 715 herodes

2192 750 2348 809 misit
2376 750 2485 809 hac
2516 750 2697 809 tenuit

2190 842 2507 904 iohannem
2574 854 2633 905 et
2660 844 2717 903 al

2190 936 2389 1013 ligauit
2416 955 2551 997 eum
2580 947 2637 997 et
2666 939 2747 997 mi

2192 1032 2265 1091 sit
2290 1032 2353 1089 in
2380 1048 2674 1092 carcerem
2696 1062 2712 1079 ·

2192 1124 2437 1203 Propter
2464 1126 2705 1187 herodia

2191 1218 2328 1279 dem
2402 1236 2649 1279 uxorem

2192 1312 2375 1390 filippi
2400 1312 2647 1372 fratrisui
2664 1343 2680 1360 ·

2190 1408 2327 1483 quia
2356 1406 2597 1467 duxerat
2622 1414 2699 1467 eil

2188 1517 2432 1559 uxorem
2452 1532 2467 1547 ·
2551 1501 2593 1535 ¹⁸
2610 1500 2758 1561 Dice

2190 1596 2291 1653 bat
2317 1596 2475 1654 enim
2502 1593 2682 1653 iohan

2189 1706 2297 1747 nes
2324 1686 2529 1746 herodi
2559 1689 2696 1765 quia

2189 1798 2315 1841 non
2342 1782 2554 1841 licetibi
2586 1782 2735 1843 habe

2188 1893 2249 1935 re
2276 1892 2519 1935 uxorem
2548 1874 2634 1936 fra

2188 1968 2289 2028 tris
2316 1958 2399 2028 tui
2422 2000 2437 2015 ·
2460 2000 2474 2015 ·
2496 1998 2511 2015 ·
2556 1966 2602 2003 ¹⁹
2621 1969 2789 2029 Hero

2188 2062 2314 2122 dias
2343 2072 2538 2122 autem
2566 2063 2737 2123 insidi

2185 2157 2392 2216 abatur
2412 2156 2491 2215 illi
2572 2165 2631 2215 et

2186 2251 2467 2328 querebat
2498 2251 2626 2311 occi

2188 2342 2326 2403 dere
2352 2360 2489 2403 eum
2558 2354 2617 2403 et
2644 2360 2768 2404 non

2185 2446 2413 2514 poterat
2432 2468 2448 2483 ·
2466 2468 2481 2485 ·
2502 2468 2517 2485 ·
2560 2435 2606 2471 '⁰
2621 2437 2765 2497 hero

2185 2569 2293 2630 des
2318 2578 2515 2629 autem
2544 2570 2681 2630 time
2765 2577 2775 2586 ‘

2185 2665 2287 2724 bat
2312 2663 2631 2724 iohannem
2648 2695 2663 2711 ·

2101 2755 2110 2762 ’
2188 2757 2379 2817 sciens
2406 2773 2545 2817 eum
2576 2757 2755 2817 uiru-

2186 2851 2404 2911 iustum
2432 2861 2489 2910 et
2518 2857 2645 2911 scm

2188 2955 2246 3006 et
2272 2945 2635 3006 custodiebat
2663 2951 2822 3006 eit——

2184 3039 2264 3098 Et
2290 3039 2486 3100 audito
2511 3057 2586 3099 eo
2615 3039 2777 3119 quod

2183 3133 2367 3192 multa
2394 3133 2643 3193 faciebat
2665 3164 2679 3180 ·

2183 3237 2243 3286 et
2268 3227 2513 3286 libenter
2538 3243 2675 3286 eum

2183 3320 2456 3380 audiebat
2477 3352 2492 3368 ·
2513 3352 2528 3368 ·
2554 3351 2569 3368 ·
2612 3318 2653 3353 ¹²
2670 3321 2749 3380 Et
2776 3327 2851 3381 cil

2185 3414 2310 3474 dies
2339 3425 2663 3492 opurtunus

2185 3508 2505 3568 accedisset
2522 3539 2538 3556 ·
2623 3508 2723 3568 He

2183 3601 2355 3662 rodes
2384 3601 2593 3662 natalis

2185 3695 2273 3753 sui
2303 3713 2515 3754 cenam
2541 3695 2677 3755 fecit

2184 3789 2533 3866 principibus
2557 3821 2571 3837 ·
2641 3801 2701 3848 et

2180 3883 2426 3941 tribunis
2444 3913 2460 3929 ·
2518 3893 2579 3943 et
2604 3883 2694 3961 pri

2181 3977 2295 4036 mis
2323 3975 2567 4052 galileae
2588 4007 2603 4023 ·

2181 4065 2227 4100 ²⁵
2245 4069 2513 4146 Cumque
2540 4069 2746 4132 introis

2179 4172 2271 4223 set
2299 4162 2414 4222 filia
2442 4163 2623 4240 ipsius

2179 4256 2511 4320 herodiadis
2542 4268 2602 4318 et

2181 4351 2449 4410 saltasset
2472 4361 2529 4411 et
2555 4351 2655 4429 pla

2181 4445 2393 4505 cuisset
2417 4445 2621 4507 herodi

3527 407 3655 475 119

2948 562 3249 642 Simulque
3276 580 3475 625 recum

2945 658 3215 718 bentibus
3238 692 3251 706 -
3277 690 3292 708 ·
3333 678 3438 719 rex

2946 752 3024 811 ait
3052 752 3279 829 puellae
3307 764 3443 831 pete

2944 846 3029 905 ad
3052 862 3149 905 me
3177 848 3340 925 quod
3364 848 3455 907 uis
3480 856 3540 908 et

2948 938 3105 999 dabo
3132 940 3235 999 tibi
3252 972 3267 987 ·
3293 970 3308 987 ·
3358 940 3497 1001 ”Et
3524 944 3650 1003 iura

2945 1034 3029 1091 uit
3056 1033 3134 1091 illi
3162 1035 3347 1095 multa
3367 1066 3385 1083 ·

2948 1125 3129 1199 Quod
3158 1128 3439 1206 quidquid
3467 1146 3543 1209 pe

2945 1220 3101 1281 tieris
3130 1220 3286 1283 dabo
3312 1224 3416 1282 tibi
3435 1254 3451 1271 ·

2944 1310 3079 1375 licet
3098 1315 3404 1375 dimidium

2944 1408 3110 1485 regni
3136 1409 3254 1468 mei
3274 1440 3289 1456 ·
3314 1440 3329 1456 ·
3373 1410 3549 1488 5“que

2946 1519 3083 1560 cum
3111 1502 3326 1562 exisset
3353 1502 3452 1563 dix

2944 1595 2988 1653 it
3016 1596 3183 1654 matri
3211 1612 3351 1656 suae

2945 1689 3084 1765 quid
3114 1700 3309 1765 petam
3334 1722 3349 1737 ·
3402 1691 3481 1751 At
3508 1691 3547 1750 il

2944 1783 3003 1841 la
3029 1783 3208 1843 dixit·
3292 1782 3477 1863 kaput

2944 1876 3215 1936 iohannis
3242 1879 3435 1956 baptis

2942 1980 3038 2029 tae
3063 1999 3078 2015 ·
3104 2002 3117 2017 ·
3141 2001 3157 2018 ·
3222 1970 3267 2005 ²⁶
3284 1972 3558 2051 Cumque

2944 2063 3234 2125 introisset
3261 2066 3338 2125 ad
3366 2086 3427 2127 re

2941 2174 3081 2234 gem
3098 2190 3114 2205 ·
3178 2159 3257 2218 ait
3286 2160 3491 2221 confes

2940 2252 3045 2311 tim
3069 2280 3085 2298 ·
3168 2253 3246 2313 da
3270 2254 3413 2313 mihi
3440 2254 3535 2315 hic

2940 2346 3001 2404 in
3032 2345 3197 2406 disco
3223 2346 3407 2425 kaput

2940 2438 3211 2501 iohannis
3238 2442 3527 2519 baptistae

2941 2567 2986 2604 ²⁸
3002 2569 3078 2630 Et
3105 2573 3473 2634 contristatus
3498 2575 3594 2635 fac

2942 2673 3034 2725 tus
3064 2675 3151 2724 est
3176 2683 3280 2726 rex
3306 2699 3323 2715 ·
3404 2685 3556 2746 prop

2942 2767 3026 2818 ter
3052 2759 3453 2821 iusiurandum

2940 2851 3019 2911 Et
3045 2863 3282 2931 propter
3310 2855 3480 2914 simul

2941 2945 3374 3008 discumbentes

2937 3039 3123 3098 noluit
3148 3057 3281 3099 eam
3308 3043 3527 3101 contris

2936 3142 3061 3193 tare
3082 3165 3097 3181 ·
3180 3132 3225 3167 ²⁷
3240 3135 3319 3194 Et
3345 3135 3595 3197 confesti

2936 3228 3171 3288 mittens
3198 3231 3439 3307 specula

2936 3319 3175 3381 latorem
3204 3341 3381 3400 prece

2933 3414 3021 3491 pit
3048 3413 3259 3476 adferri
3286 3427 3463 3495 caput

2935 3508 3058 3568 eius
3078 3540 3093 3555 ·
3152 3509 3331 3587 Isque
3356 3512 3498 3570 abiit

2935 3611 2995 3660 et
3021 3601 3331 3664 decollauit
3358 3603 3459 3664 illt‘r

2934 3696 2996 3754 in
3023 3713 3324 3757 carcerem
3346 3728 3362 3746 ·
3447 3697 3491 3732 ²⁸
3509 3697 3590 3761 Et

2936 3789 3120 3849 attulit
3146 3793 3337 3868 capud
3364 3793 3489 3854 eius

2933 3884 2995 3941 in
3024 3884 3180 3945 di⁸co
3208 3903 3267 3946 et
3294 3887 3455 3948 dedit

2932 3977 3157 4056 puellae
3180 4011 3196 4026 ·
3265 3981 3461 4057 puella

2932 4082 3129 4131 autem
3156 4072 3313 4133 dedit
3340 4075 3441 4134 illu

2933 4166 3101 4224 matri
3128 4183 3267 4227 suae
3290 4200 3305 4216 ·
3330 4199 3346 4216 ·

2934 4259 3131 4320 audito
3158 4261 3427 4339 discipuli

2932 4353 3055 4412 eius
3082 4365 3367 4414 uenerunt

2933 4456 2994 4507 et
3020 4447 3269 4508 tulerunt
3294 4467 3513 4528 corpus

3430 4171 3477 4205 ¹⁹
3493 4187 3614 4249 quo

3676 565 3802 615 1¹01.
3822 566 3949 617 160.
