4373 5048
752 312 837 375 90

434 478 559 529 ποι.
581 478 701 529 11⁸1.
746 474 793 514 ⁸⁶
810 475 887 535 Et
914 475 1091 536 altera
1118 476 1213 535 die
1239 493 1420 554 proce

747 570 895 631 dens
922 570 1161 648 protulit
1189 570 1268 630 du

748 682 819 725 os
848 666 1120 725 denarios
1187 674 1247 724 et
1274 664 1349 723 de

747 759 834 818 dit
861 759 1173 819 stabulario
1199 790 1213 805 ·

747 862 806 912 et
834 854 913 912 ait
939 852 1015 911 illi
1098 869 1299 911 curam
1327 849 1367 911 il

747 946 859 1005 lius
886 945 1037 1005 habe
1118 956 1176 1004 et
1207 963 1328 1023 quo

746 1058 1000 1118 cumque
1027 1058 1267 1117 superer

744 1134 1044 1211 rogaueris
1128 1151 1242 1210 ego
1268 1150 1331 1192 re

746 1238 983 1287 uertens
1010 1226 1253 1287 reddam

749 1322 855 1381 tibi
886 1352 901 1369 ·
922 1354 935 1367 ·
980 1320 1021 1354 ⁸⁶
1040 1320 1191 1393 Quis
1218 1319 1367 1380 horsi

748 1416 925 1475 trium
950 1415 1179 1477 uidetur
1206 1416 1248 1473 ti

747 1509 810 1569 bi
839 1510 1143 1586 proximus
1170 1507 1348 1568 fuisse

748 1604 828 1662 illi
854 1603 955 1681 qui
983 1602 1183 1662 incidit
1210 1602 1272 1661 in
1300 1602 1357 1661 la

751 1708 953 1757 trones
976 1729 990 1744 ·
1032 1696 1078 1730 ⁸⁷
1096 1696 1176 1756 At
1202 1696 1295 1756 ille
1323 1694 1423 1755 dix

752 1792 827 1851 sit
906 1791 1007 1869 qui
1037 1790 1171 1850 fecit
1196 1789 1345 1850 mise

750 1885 1063 1944 ricordiam
1091 1883 1151 1941 in
1186 1883 1284 1942 illo

750 1976 917 2037 Dixit
944 1994 1087 2053 ergo
1116 1976 1196 2035 ini
1223 1976 1311 2035 ihs
1331 2007 1345 2024 ·

754 2071 908 2130 uade
978 2079 1036 2129 et
1064 2079 1127 2129 tu
1156 2069 1247 2130 fac
1277 2069 1408 2129 simi

836 2190 922 2215 m
949 2164 1075 2223 liter
1104 2189 1185 2215 „e-

695 2258 731 2299 *
754 2258 799 2293 ⁸⁸
816 2258 1062 2319 Factum
1089 2268 1177 2317 est
1204 2267 1400 2317 autem

695 2352 731 2393 ’¹‘
754 2372 893 2413 cum
919 2355 1067 2413 irent
1090 2383 1105 2400 ·
1164 2352 1376 2430 etipse

754 2448 988 2508 intrauit
1014 2448 1075 2505 in
1102 2448 1361 2526 quodam

868 2542 920 2591 in
942 2540 1076 2591 uiliis

868 2620 921 2670 in
944 2629 1058 2672 nate
1081 2623 1163 2674 nce
1184 2621 1341 2673 marie

754 2712 1058 2773 castellum
1081 2745 1095 2761 ·
1160 2715 1303 2773 muli

754 2824 818 2865 er
844 2818 1041 2866 autem
1070 2808 1365 2886 quaedam
1387 2837 1401 2853 ·

756 2901 1000 2960 nomine
1026 2901 1251 2961 martha
1282 2934 1293 2948 ·

757 2997 988 3072 excepit
1016 2995 1179 3054 illum
1208 2995 1271 3054 in
1300 2996 1379 3055 do

758 3105 861 3148 mo
880 3106 986 3148 sua
1006 3120 1020 3136 ·
1038 3089 1169 3148 ”Et
1184 3088 1319 3148 huic
1336 3099 1461 3148 erat

760 3199 927 3242 soror
955 3181 1197 3241 nomine

759 3277 943 3334 maria
964 3307 977 3322 ·
1037 3293 1189 3354 quae

758 3371 933 3430 etiam
962 3368 1171 3428 sedens
1201 3385 1369 3428 secus

758 3462 941 3540 pedes
969 3463 1068 3522 dfii
1097 3462 1371 3522 audiebat

756 3559 1003 3616 uerbum
1030 3557 1181 3615 illius
1202 3589 1285 3599 —

757 3651 805 3685 ⁴⁰
824 3651 1058 3710 Martha
1083 3661 1283 3710 autem
1310 3660 1435 3710 sata

760 3745 937 3823 gebat
964 3745 1115 3804 circa
1149 3744 1296 3822 pluri

760 3857 924 3898 mum
953 3839 1273 3899 ministeriu
1298 3870 1312 3884 ·

760 3952 912 4011 quae
941 3934 1092 3992 stetit
1116 3945 1175 3991 et
1202 3933 1281 3991 ait
1307 3932 1423 3991 dfie

758 4047 883 4088 non
912 4036 1000 4087 est
1026 4027 1129 4086 tibi
1156 4045 1298 4086 cura
1322 4058 1336 4073 ·
1388 4046 1461 4087 eo

759 4122 920 4201 quod
952 4139 1117 4181 soror
1144 4138 1278 4182 mea

760 4216 987 4294 reliquit
1014 4233 1109 4274 me
1138 4215 1346 4274 solami

760 4311 1003 4370 nistrare
1025 4341 1038 4355 ·
1102 4309 1195 4368 dic
1223 4326 1367 4386 ergo

760 4404 842 4462 illi
869 4416 934 4463 ut
962 4423 1056 4462 me
1086 4403 1321 4462 adiuuet
1340 4434 1353 4448 ·
1384 4435 1467 4446 —

763 4500 802 4532 ⁴¹
824 4497 1220 4574 Respondeas
1248 4507 1443 4556 autem

760 4589 904 4652 dixit
934 4592 1011 4650 illi
1042 4591 1131 4650 ihs
1155 4623 1169 4637 ·
1234 4609 1361 4650 mar

757 4688 861 4746 tha
879 4717 892 4732 ·
953 4686 1181 4761 cogitas

2113 298 2354 361 SECD
2375 331 2388 346 ·

1500 486 1559 537 et
1586 477 1831 539 turbaris
1860 478 1933 539 de
1961 478 2085 538 mul

2303 478 2495 538 habeo
2523 476 2686 556 quod
2715 483 2876 555 pona

3333 309 3426 373 [X.
3451 312 3658 375 35-X1.
3681 325 3762 365 ει.

3005 480 3038 515 *
3055 474 3180 537 ¹⁴Et
3207 486 3330 538 erat
3359 478 3576 539 eiciens
3605 478 3681 538 de
3789 488 3915 538 rol.
3941 488 4072 537 118.

1500 582 1560 632 ta
1584 604 1598 619 ·
1647 570 1692 605 ⁴²
1704 574 1879 633 unius
1901 584 2095 634 autem
2113 584 2202 634 est
2303 583 2443 631 ante
2469 572 2662 649 ipsum
2687 603 2700 618 ·
2763 571 2787 604 ‘⁸
2805 582 2862 631 et
2889 570 2985 631 ille
3009 568 3040 602 *¹
3062 572 3329 631 monium
3357 582 3418 633 et
3442 572 3584 631 illud

1502 684 1653 744 opus
1672 698 1687 715 ·
1756 667 2045 727 Mariaute'

1501 763 1785 839 optimam
1815 772 2039 840 partem

1502 854 1675 931 elegit
1757 874 1907 933 quae
1936 875 2058 917 non
2086 875 2163 915 au

1503 946 1714 1007 feretur
1741 949 1821 1008 illi
1843 981 1857 998 ·
1880 983 1891 996 ·
1917 982 1931 998 ·
1956 981 1971 998 ·

1501 1046 1587 1101 11.
1605 1041 1705 1101 ¹Et
1726 1043 1943 1103 factum
1960 1054 2049 1104 est
2066 1062 2202 1104 cum

1502 1146 1654 1195 esset
1682 1137 1741 1194 in
1772 1138 2030 1215 quodam
2060 1140 2117 1199 lo

1502 1247 1576 1289 co
1604 1248 1780 1290 orans
1804 1262 1818 1278 ·
1878 1242 1937 1291 et
1964 1251 2100 1291 cum

1503 1325 1754 1383 cessauit
1772 1355 1787 1372 ·
1852 1326 1995 1385 dixit
2020 1345 2062 1386 u

1502 1434 1613 1476 nus
1641 1418 1877 1497 quidam
1905 1438 1977 1478 ex
2006 1420 2096 1480 dis

1503 1512 1713 1588 cipulis
1740 1513 1866 1571 eius
1894 1512 1970 1571 ad
1998 1520 2072 1573 eii

1504 1604 1621 1664 diie
1651 1604 1799 1665 doce
1828 1624 1939 1666 nos
1966 1625 2135 1667 orare

1506 1699 1657 1758 sicut
1684 1700 1968 1761 iohannes
1998 1702 2078 1761 do

1506 1793 1626 1851 cuit
1653 1793 1970 1871 discipulos
2001 1814 2069 1855 su

1506 1904 1577 1947 os
1601 1917 1615 1934 ·
1678 1884 1703 1917 ²
1722 1888 1866 1947 dixit
1893 1899 2089 1949 autem
2126 1890 2164 1948 il

1505 1979 1575 2038 lis
1658 1998 1793 2041 cum
1823 1984 1999 2042 oratis
2026 1984 2085 2043 di

1509 2077 1619 2136 cite
1642 2112 1654 2125 ·
1677 2110 1690 2123 ·
1718 2112 1729 2124 ·
1776 2076 1947 2137 Pater
1974 2096 2085 2138 nos

1508 2182 1595 2231 ter
1622 2172 1721 2250 qui
1752 2172 1811 2230 in
1840 2172 2014 2231 caelis
2044 2189 2107 2231 es

1508 2266 1795 2327 scificetur
1827 2282 2049 2324 nomen

1506 2370 1675 2420 tuum
1756 2358 1952 2417 ueniat
1974 2377 2078 2436 reg

1509 2472 1655 2515 num
1681 2463 1845 2512 tuum
1872 2484 1885 2499 ·
1944 2452 1967 2485 ⁸
1984 2452 2085 2511 fiat
2110 2470 2192 2511 uo

1509 2714 1701 2774 luntas
1729 2723 1828 2772 tua
1912 2713 2059 2772 sicut

1511 2809 1572 2866 in
1602 2807 1769 2866 caelo
1796 2817 1852 2866 et
1880 2808 1941 2864 in
1969 2816 2119 2866 terra
2138 2837 2153 2852 ·

1512 2920 1729 2979 panem
1758 2911 2025 2960 nostrum

1510 2996 1871 3056 cotidianum
1899 2995 1976 3056 da
2003 3014 2083 3055 no

1511 3090 1601 3150 bis
1630 3089 1865 3149 cottidie
1924 3091 1944 3122 ⁴
1966 3099 2021 3148 et
2052 3089 2110 3149 di

1510 3186 1672 3243 mitte
1701 3184 1871 3244 nobis
1900 3203 2082 3260 pecca

1509 3287 1570 3336 ta
1599 3287 1799 3337 nostra
1878 3295 2099 3355 quomo

1514 3371 1593 3431 do
1622 3381 1680 3430 et
1707 3371 1819 3448 ipsi
1845 3371 2055 3430 dimitti

1513 3482 1645 3523 mus
1672 3465 1836 3523 omni
1865 3464 2098 3523 debenti

1512 3559 1684 3617 nobis
1715 3590 1727 3604 ·
1782 3567 1839 3616 et
1866 3576 1942 3617 ne
1971 3576 2083 3618 nos

1512 3651 1755 3712 inducas
1782 3653 1844 3710 in
1870 3661 2091 3729 tempta

1512 3747 1735 3804 tionem
1762 3747 1867 3806 sed
1897 3745 2077 3806 libera

1512 3858 1623 3900 nos
1651 3859 1686 3899 a
1713 3841 1871 3901 malo
1888 3873 1971 3884 —

1512 3933 1534 3967 ¹⁵
1550 3934 1627 3993 Et
1648 3934 1789 3993 dixit
1811 3934 1885 3994 ad
1906 3952 2011 3995 eos
2081 3935 2211 4012 quis

1512 4039 1769 4087 uestrum
1796 4027 1971 4087 habet
1998 4046 2035 4086 a

1513 4121 1731 4180 micum
1800 4132 1856 4180 et
1884 4122 1987 4179 ibit
2016 4120 2090 4179 ad

1513 4214 1676 4272 illum
1704 4214 1897 4272 media
1927 4225 2099 4273 nocte

1516 4317 1573 4366 et
1602 4307 1754 4366 dicet
1780 4307 1860 4366 illi
1888 4309 2074 4367 amice

1516 4402 1818 4461 commoda
1850 4401 1990 4459 mihi
2020 4413 2133 4461 tres

1516 4514 1701 4574 panes
1724 4527 1737 4541 ·
1797 4496 1975 4573 ‘qt-im
2011 4497 2127 4555 ami

1516 4608 1618 4650 cus
1646 4608 1813 4649 meus
1840 4589 1999 4648 uenit
2027 4590 2100 4649 de

1512 4685 1608 4744 uia
1636 4684 1710 4744 ad
1738 4703 1833 4744 me
1902 4696 1957 4744 et
1986 4703 2109 4744 non

2308 664 2538 725 deintus
2623 681 2844 743 respon

2308 758 2456 817 dens
2486 757 2622 816 dicit
2649 758 2769 818 noli
2797 757 2880 815 mi

2307 850 2369 909 hi
2397 850 2674 909 molestus
2704 868 2833 909 esse
2855 881 2871 895 ·

2309 945 2427 1003 iam
2453 954 2684 1003 osteum
2713 943 2879 1005 clusfi

2309 1046 2398 1097 est
2479 1046 2538 1095 et
2563 1037 2726 1114 pueri
2755 1037 2818 1095 in
2847 1054 2923 1097 cu

2309 1132 2408 1190 bili
2437 1148 2670 1191 mecum
2700 1140 2835 1189 sunt

2311 1243 2431 1285 non
2462 1242 2704 1303 possum
2733 1243 2831 1283 sur

2313 1337 2450 1396 gere
2479 1326 2536 1376 et
2565 1317 2703 1377 dare
2731 1318 2833 1376 tibi

2311 1410 2493 1471 'Dico
2523 1412 2694 1471 uobis
2717 1411 2764 1469 si
2785 1428 2908 1469 non
2937 1408 3016 1469 da

2313 1506 2399 1565 bit
2422 1504 2536 1563 illi·
2605 1504 2863 1581 Surgens

2313 1617 2388 1659 eo
2415 1598 2575 1677 quod
2602 1598 2826 1657 amicus
2853 1597 2979 1657 eius

2313 1702 2402 1753 est
2483 1702 2722 1769 propter
2751 1692 2812 1749 in

2316 1786 2664 1864 pronitatem
2693 1803 2834 1844 uero

2312 1879 2437 1938 eius
2466 1888 2661 1954 surget
2687 1888 2746 1938 et
2774 1876 2934 1936 dabit

2312 1972 2389 2031 illi
2417 1982 2668 2049 quantos
2697 1971 2820 2031 desi

2314 2065 2480 2124 derat
2501 2096 2515 2111 ·
2537 2096 2551 2111 ·
2576 2097 2590 2113 ·
2623 2066 2645 2099 ⁹
2661 2066 2740 2124 Et
2767 2083 2881 2141 ego
2909 2080 2988 2123 uo

2314 2160 2404 2218 bis
2438 2160 2574 2218 dico
2656 2160 2833 2236 petite
2861 2168 2920 2217 et

2316 2253 2544 2312 dabitur
2571 2253 2741 2311 uobis
2761 2284 2776 2299 ·
2833 2271 2948 2330 que

2317 2348 2423 2406 rite
2453 2356 2512 2405 et
2537 2347 2842 2406 inuenietis
2865 2378 2880 2393 ·

2317 2439 2542 2519 pulsate
2571 2449 2628 2499 et
2647 2440 2842 2517 aperie

2319 2709 2412 2759 tur
2439 2698 2609 2759 uobis
2628 2730 2642 2744 ·
2665 2729 2679 2744 ·
2707 2696 2753 2730 ¹⁰
2771 2696 2983 2758 Omnis

2321 2793 2448 2852 enis
2477 2792 2636 2851 enim
2665 2791 2767 2869 qui
2794 2791 2938 2868 petit

2320 2885 2531 2963 accipit
2554 2917 2568 2931 ·
2633 2885 2713 2944 Et
2739 2886 2840 2962 qui
2867 2901 2983 2961 que

2320 2981 2392 3039 rit
2418 2979 2677 3039 inuenit·
2736 2978 2814 3038 Et
2842 2978 2942 3055 pul

2321 3075 2472 3132 santi
2501 3073 2790 3150 aperietur
2810 3105 2894 3117 —

2321 3166 2364 3200 ¹¹
2384 3168 2440 3225 A
2467 3185 2586 3245 quo
2615 3177 2813 3226 autem
2838 3177 3006 3243 patre,

2322 3280 2396 3321 ex
2424 3262 2593 3321 uobis
2621 3262 2764 3338 petit
2793 3261 2940 3319 filius

2321 3357 2444 3416 eius
2471 3373 2688 3433 panem
2769 3372 2912 3413 num

2321 3449 2461 3528 quid
2489 3449 2744 3525 lapidem
2772 3467 2883 3526 por

2320 3546 2469 3620 riget
2497 3543 2574 3601 illi
2597 3573 2612 3590 ·
2677 3541 2791 3601 Uel
2818 3542 2899 3601 eti

2321 3656 2418 3697 am
2447 3637 2669 3714 piscem
2692 3670 2704 3683 ·
2791 3654 2933 3695 num

2322 3732 2463 3810 quid
2491 3749 2598 3808 pro
2625 3731 2785 3808 pisce
2814 3749 2906 3789 ser

2324 3835 2562 3902 pentem
2590 3825 2748 3884 dabit
2768 3824 2846 3883 illi
2862 3857 2942 3867 ——

2323 3917 2366 3951 ¹²
2383 3921 2504 3978 Aut
2525 3920 2573 3979 si
2594 3920 2804 3978 petierit
2824 3936 3006 3979 ouum

2323 4015 2608 4092 numquid
2637 4014 2888 4091 porriget

2322 4108 2402 4166 illi
2431 4109 2801 4185 scorpionem
2823 4141 2906 4149 —

2323 4201 2366 4236 ¹⁸
2387 4203 2448 4262 Si
2463 4220 2607 4278 ergo
2625 4219 2736 4260 uos
2752 4219 2889 4260 cum
2907 4199 3027 4259 sitis

2323 4295 2461 4354 mali
2489 4295 2674 4355 nostis
2703 4296 2863 4353 bona
2891 4293 3026 4352 data

2324 4389 2460 4448 dare
2490 4389 2618 4447 filiis
2645 4389 2851 4447 uestris
2870 4418 2883 4433 ·

2325 4483 2566 4556 Quanto
2595 4482 2782 4558 magis
2809 4491 2972 4557 pater

2324 4587 2518 4637 uester
2546 4576 2619 4635 de
2647 4574 2776 4635 celo
2806 4574 2966 4635 dabit

3011 662 3040 697 *
3063 664 3166 724 fuit
3195 676 3422 725 mutum
3507 665 3601 725 fac

3012 757 3042 791 '⁸'
3061 769 3185 817 tum
3213 770 3302 819 est
3330 769 3394 818 ut
3419 760 3601 819 exiret

3061 852 3408 912 demonium
3475 853 3610 912 locu

3062 954 3154 1003 tus
3182 954 3271 1003 est
3299 956 3496 1005 mutus
3513 976 3528 993 ·
3589 956 3650 1005 et

3063 1038 3253 1096 mirati
3281 1049 3415 1098 sunt
3441 1039 3644 1099 turbae

3062 1130 3374 1203 ¹⁸Quidam
3404 1142 3599 1192 autem
3625 1151 3700 1192 ex
3727 1131 3769 1191 il

3061 1224 3131 1285 lis
3161 1224 3430 1285 dixerunt
3515 1227 3576 1285 in

3063 1318 3358 1377 beelzebul
3386 1319 3570 1396 princi

3063 1430 3202 1489 pem
3232 1412 3617 1471 daemonioru

3063 1505 3197 1565 eicit
3226 1505 3538 1565 daemonia
3559 1536 3573 1551 ·

3063 1595 3108 1631 ¹⁸
3125 1597 3238 1655 Alii
3266 1608 3464 1657 autem
3491 1608 3714 1659 temtan

3065 1700 3154 1751 tes
3181 1692 3417 1768 signum
3443 1693 3519 1751 ab
3547 1708 3621 1751 eo

3067 1785 3142 1843 de
3171 1786 3298 1844 celo
3327 1787 3648 1863 querebant

3067 1876 3111 1911 ¹⁷
3129 1878 3267 1956 Ipse
3295 1890 3492 1937 autem
3519 1890 3583 1938 ut
3603 1878 3748 1937 uidit

3067 1974 3452 2049 cogitationes
3472 1978 3616 2032 eoru

3067 2066 3210 2125 dixit
3238 2068 3321 2125 eis
3345 2098 3360 2113 ·
3425 2066 3622 2127 Omne

3067 2178 3312 2238 regnum
3339 2162 3400 2220 in
3430 2179 3494 2220 se
3521 2162 3652 2238 ipsfi

3068 2255 3318 2313 diuisum
3347 2255 3548 2315 desola

3069 2358 3163 2409 tur
3219 2350 3295 2409 Et
3325 2350 3537 2408 domus
3565 2366 3632 2408 su

3070 2461 3176 2520 pra
3204 2443 3451 2502 domum
3478 2443 3648 2503 cadet

3073 2702 3117 2737 ¹⁸
3134 2703 3194 2763 Si
3215 2711 3412 2762 autem
3434 2708 3492 2760 et
3513 2707 3746 2760 satanas

3075 2807 3320 2857 satanan
3347 2796 3480 2854 eicit
3563 2795 3624 2852 in

3073 2892 3134 2950 in
3165 2890 3541 2966 semetipsum
3569 2887 3629 2946 di

3073 2984 3234 3043 uisus
3262 2993 3352 3042 est
3426 2999 3649 3060 quomo

3073 3078 3153 3137 do
3183 3078 3355 3136 stabit
3382 3093 3630 3153 regnum

3071 3174 3195 3232 eius
3277 3172 3414 3249 quia
3442 3170 3630 3230 dicitis

3072 3273 3214 3345 qfim
3244 3267 3306 3324 in
3333 3263 3632 3324 beelzebul

3070 3360 3394 3438 principem
3423 3358 3638 3418 daemo

3071 3455 3300 3514 niorum
3332 3454 3479 3513 eicio
3505 3452 3614 3512 dae

3072 3549 3272 3608 monia
3291 3578 3306 3592 ·
3369 3545 3414 3580 ¹⁹
3430 3547 3592 3624 quod
3621 3547 3670 3606 si

3073 3661 3188 3719 ego
3215 3644 3275 3700 in
3309 3641 3607 3701 beelzebul

3075 3738 3224 3796 eicio
3253 3735 3566 3794 daemonia

3074 3830 3174 3889 filii
3201 3830 3376 3890 uestri
3405 3831 3466 3888 in
3493 3845 3614 3906 quo

3073 3924 3290 3984 eiciunt
3315 3955 3329 3970 ·
3389 3924 3526 3982 ideo
3552 3924 3613 4000 ip

3077 4020 3125 4077 si
3151 4018 3373 4077 iudices
3401 4026 3571 4076 erunt

3075 4113 3253 4172 uestri
3289 4142 3349 4158 ·-
3387 4112 3433 4150 ²⁰
3453 4111 3570 4170 Sed
3601 4109 3648 4170 si

3075 4208 3136 4266 in
3166 4207 3350 4282 digito
3379 4205 3438 4264 di
3466 4221 3582 4282 ego
3610 4202 3718 4262 eici

3078 4319 3117 4360 o
3147 4300 3458 4360 daemonia
3483 4299 3633 4376 utiqs

3078 4395 3379 4473 praeuenit
3400 4394 3458 4452 in
3486 4411 3598 4452 uos

3079 4507 3324 4566 regnum
3348 4488 3408 4546 di
3427 4519 3440 4534 ·
3463 4519 3478 4534 ·
3500 4519 3513 4534 ·
3564 4483 3608 4518 ²¹
3627 4485 3780 4546 Cum

3079 4583 3242 4643 sortis
3269 4592 3527 4642 armatus

2326 4676 2590 4747 spmscm
2603 4669 3345 4747 petentibussemeustodit
3377 4677 3520 4736 atr-iii
3549 4681 3659 4735 suu

2567 4787 2892 4816 ΨΦ
