4373 5048
760 351 844 415 86

462 534 586 585 τοι.
610 536 735 586 100.
762 544 830 585 ac
862 543 1007 585 sana
1038 518 1234 584 menie
1262 524 1339 584 ad

759 619 943 697 pedes
972 620 1095 679 eius
1164 628 1222 679 et
1249 620 1293 677 ti

759 722 1029 772 muerunt
1048 745 1063 760 ·
1124 713 1167 746 ⁸⁸
1186 712 1390 772 nuntia

758 818 967 867 uerunt
994 816 1189 867 autem
1216 808 1297 867 illi

758 901 829 959 lis
856 902 955 979 qui
983 902 1247 961 uiderant
1265 933 1280 949 ·

759 995 1065 1073 quomodo
1096 996 1290 1054 saluus

760 1088 947 1147 sactus
968 1100 1055 1148 est
1082 1108 1117 1149 a
1144 1090 1299 1166 legio

758 1200 835 1241 ne
854 1213 869 1229 ·
930 1182 976 1216 θ’
993 1183 1073 1242 Et
1097 1192 1446 1261 rogauerunt

760 1276 921 1335 illum
950 1278 1143 1337 omnis
1176 1278 1299 1337 mul

756 1371 943 1430 titudo
972 1371 1047 1431 de
1076 1373 1238 1449 regio

755 1465 847 1523 nis
874 1483 1287 1543 gerasenorum

756 1569 819 1618 ut
848 1560 1169 1619 discederet
1197 1562 1273 1619 ab
1300 1561 1361 1638 ip

756 1655 837 1714 sis
862 1686 875 1702 ·
936 1657 1074 1733 quia
1100 1658 1307 1715 timore

756 1766 978 1826 magno
1005 1752 1350 1808 tenebantur

754 1842 893 1919 Ipse
922 1854 1115 1903 autem
1142 1862 1321 1903 ascen

754 1938 903 1996 dens
932 1938 993 1995 in
1022 1954 1235 1995 nauem
1265 1956 1325 1996 re

753 2049 959 2090 uersus
987 2039 1075 2089 est
1097 2062 1111 2078 ·
1135 2062 1150 2077 ·
1172 2062 1187 2077 ·

752 2122 932 2201 gabat
952 2124 1111 2182 illum
1141 2125 1227 2183 uir
1255 2141 1292 2182 a

751 2235 873 2296 quo
899 2218 1174 2277 demonia
1200 2220 1330 2279 exie

750 2322 883 2371 rant
950 2321 1012 2369 ut
1040 2330 1177 2371 cum
1199 2314 1330 2390 ipso

750 2416 903 2465 esset
921 2438 936 2453 ·
963 2438 975 2453 ·
999 2438 1014 2454 ·
1075 2406 1314 2469 Dimisit

749 2510 945 2561 autem
972 2500 1132 2561 illum
1159 2502 1249 2562 ihs
1272 2534 1287 2550 ·

748 2634 953 2694 dicens
974 2665 990 2682 ·
1058 2634 1103 2668 ⁸⁹
1120 2634 1242 2694 redi
1268 2635 1451 2695 domu

746 2737 806 2788 et
832 2746 1039 2788 enarra
1066 2739 1284 2807 quanta
1312 2729 1353 2788 ti

746 2823 807 2882 bi
836 2823 971 2881 fecit
998 2824 1067 2882 ds
1091 2854 1105 2869 ·
1164 2823 1243 2881 Et
1270 2823 1408 2882 abiit

744 2935 850 2994 per
878 2917 1205 2975 uniuersam
1236 2917 1350 2976 ciui

746 3021 926 3070 tatem
955 3011 1258 3088 predicans

747 3115 966 3182 quanta
988 3106 1075 3163 ihs
1096 3105 1231 3164 fecit
1246 3105 1325 3164 illi
1347 3136 1448 3153 ··—-

2118 352 2357 415 SECD
2380 382 2396 399 ·

1514 524 1655 584 dum
1684 525 1789 583 iret
1817 524 1908 583 ihs
1932 556 1945 571 ·
2008 543 2148 602 prae

1512 620 1709 679 mebat
1734 636 1869 677 eum
1898 618 2151 696 populus
2170 649 2185 666 ·

2321 540 2621 599 synagoge
2645 552 2660 568 ·
2717 521 2920 582 dicens

2315 616 2371 674 ei
2390 646 2404 662 ·
2463 616 2600 693 quia
2625 624 2857 675 mortua

1512 713 1633 772 “Et
1643 713 1843 771 mulier
1854 713 2142 791 quaedam
2150 724 2266 772 erat
2317 718 2404 768 est
2430 709 2546 769 filia
2575 719 2672 769 tua
2741 709 2862 769 noli

1512 807 1572 865 in
1601 807 1763 867 fluxu
1795 808 2096 884 sanguinis

1512 902 1587 961 ab
1616 901 1784 959 annis
1814 901 2121 961 duodecim
2142 932 2157 947 ·

1510 992 1752 1073 quaein
1782 996 2043 1054 medicos
2068 1014 2198 1055 erro

1510 1098 1751 1166 gauerat
1775 1108 2014 1148 omnem
2044 1090 2153 1149 sub

1512 1184 1781 1242 stantiam
1809 1201 1976 1243 suam
2005 1202 2113 1243 nec

1512 1278 1589 1337 ab
1616 1277 1735 1336 ullo
1762 1279 1949 1355 potuit
1976 1296 2112 1337 cura

1512 1372 1559 1430 ri
1583 1403 1598 1418 ·
1664 1372 1708 1405 ⁴⁴
1726 1374 1969 1431 accessit
1999 1382 2147 1431 retro
2168 1406 2181 1419 ·

1513 1475 1570 1525 et
1597 1466 1780 1543 tetigit
1807 1466 2049 1526 fimbrea

1514 1561 1839 1620 uestimenti
1866 1561 1989 1619 eius
2009 1592 2024 1607 ·

1510 1654 1588 1713 Et
1615 1653 1925 1713 confestim
1954 1655 2109 1714 stetit

1508 1748 1702 1807 fluxus
1731 1750 2030 1825 sanguinis

1507 1842 1631 1901 eius
1651 1873 1665 1889 ·
1724 1842 1771 1874 ⁴⁵
1787 1851 1844 1900 et
1872 1844 1949 1901 ait
1971 1842 2061 1901 ihs
2078 1842 2210 1921 quis

1508 1954 1603 1994 me
1631 1936 1813 2012 tetigit
1832 1968 1845 1983 ·
1912 1936 2125 2013 Negan

1224 2030 1269 2065 ⁸⁸
1283 2029 1360 2089 Et
1388 2048 1455 2091 ro
1504 2030 1658 2088 tibus
1686 2038 1877 2089 autem
1899 2031 2127 2089 omnibs
2152 2062 2165 2077 ·

1507 2123 1649 2182 dixit
1676 2134 1871 2200 petrus
1940 2134 1995 2183 et
2024 2126 2124 2203 qui

1505 2235 1642 2276 cum
1670 2218 1768 2277 illo
1796 2228 1960 2277 erant
1980 2250 1993 2265 ·
2054 2238 2157 2295 pre

1506 2322 1707 2387 ceptor
1734 2312 1934 2372 turbae
1962 2322 2017 2371 te
2047 2331 2162 2372 con

1504 2406 1759 2481 primunt
1786 2415 1907 2464 tam
1934 2424 2075 2483 mag

1503 2516 1613 2559 nae
1641 2508 1699 2558 et
1726 2498 1870 2559 dicis
1896 2502 1995 2579 qui
2024 2518 2119 2560 me

1502 2630 1685 2708 tetigit
1706 2661 1722 2678 ·
1792 2631 1917 2689 “At
1944 2632 2033 2691 ihs
2062 2632 2205 2692 dixit

1501 2725 1687 2800 tetigit
1712 2743 1806 2783 me
1836 2725 2041 2804 aliquis

1502 2836 1641 2876 nam
1669 2829 1725 2876 et
1752 2837 1867 2895 ego
1897 2821 2153 2896 cognoui

1499 2912 1770 2971 uirtutem
1798 2913 1870 2972 de
1900 2932 1995 2972 me

1499 3007 1687 3066 exisse
1706 3038 1721 3053 ·
1744 3039 1756 3052 ·
1778 3039 1793 3054 ·
1812 3007 1857 3040 ⁴⁷
1868 3007 2092 3067 Uidens

1500 3111 1695 3158 autem
1724 3101 1930 3160 mulier

747 3198 1037 3258 ‘⁰Factum
1050 3209 1135 3258 est
1146 3209 1486 3258 autemcum
1496 3194 1633 3271 quia
1662 3212 1785 3252 non
1814 3195 1972 3254 latuit
1998 3195 2039 3254 il

746 3293 991 3352 redisset
1018 3291 1107 3352 ihs
1134 3295 1363 3370 excepit

747 3386 911 3445 illum
937 3389 1107 3446 turba
1125 3417 1139 3432 ·
1196 3387 1381 3446 Erant

746 3481 904 3540 enim
932 3499 1139 3540 omnes
1166 3499 1351 3559 expec

742 3585 932 3635 tantes
960 3575 1119 3634 illum
1138 3607 1153 3622 ·
1174 3607 1188 3623 ·
1206 3607 1291 3620 -

1498 3288 1618 3345 lum
1690 3290 1851 3347 uenit
1877 3299 2123 3353 tremPns
2141 3321 2156 3337 ·

1496 3388 1556 3438 et
1583 3382 1829 3456 procidit
1857 3391 1989 3442 ante
2062 3415 2067 3418 ·

1497 3474 1677 3550 pedes
1703 3476 1826 3534 eius
1850 3507 1863 3522 ·
1934 3477 2010 3534 Et
2036 3478 2119 3536 ob

1500 3587 1678 3646 quam
1706 3587 1942 3628 causam
1971 3572 2068 3630 teti

745 3668 791 3702 ⁴¹
808 3669 885 3729 Et
913 3687 1051 3728 ecce
1073 3670 1234 3729 uenit
1252 3670 1339 3729 uir
1356 3670 1449 3729 cui
1498 3663 1677 3740 gisset
1704 3661 1865 3722 illum
1894 3665 2012 3724 indi

746 3781 965 3840 nornen
993 3763 1166 3824 iairus
1186 3795 1199 3810 ·
1259 3763 1337 3823 Et
1364 3765 1425 3840 ip

748 3875 809 3916 se
836 3858 1110 3935 princeps
1139 3877 1364 3936 synago

745 3971 819 4029 ge
846 3960 967 4010 erat
985 3984 1000 3999 ·
1060 3962 1116 4010 et
1144 3954 1352 4012 cecidit

744 4045 821 4105 ad
849 4045 1029 4122 pedes
1055 4047 1155 4104 ihu
1182 4065 1397 4124 rogans

744 4156 881 4198 eum
900 4169 915 4184 ·
978 4148 1043 4197 ut
1072 4140 1302 4199 intraret
1330 4142 1391 4200 in

742 4233 986 4292 domum
1013 4234 1137 4293 eius
1158 4265 1171 4280 ·
1232 4233 1275 4267 ⁴²
1293 4237 1429 4312 quia

744 4326 861 4386 filia
888 4327 1063 4386 unica
1090 4337 1211 4386 erat
1238 4328 1351 4387 illi·

739 4421 855 4480 sere
884 4440 1173 4482 annorum
1202 4423 1321 4483 duo

735 4514 927 4574 decim
946 4546 961 4562 ·
1006 4525 1065 4575 et
1090 4517 1233 4576 haec
1256 4519 1439 4580 morie

734 4607 903 4667 batur
920 4641 935 4656 ·
998 4609 1076 4669 Et
1104 4612 1346 4688 contigit

1496 3759 1651 3816 cauit
1678 3775 1877 3817 coram
1904 3760 2069 3820 omni

1498 3853 1607 3911 bus
1631 3883 1645 3898 ·
1708 3853 1787 3910 Et
1814 3855 2066 3931 quemad

1496 3946 1641 4005 mod
1670 3947 1911 4007 modum
1939 3966 2055 4006 con

1496 4039 1655 4097 setim
1685 4049 1887 4100 sanata
1912 4051 2000 4100 est
2022 4072 2037 4088 ·

2315 822 2527 863 uexare
2555 805 2834 881 magistri]

2315 898 2362 931 ⁶⁰
2380 898 2484 957 Ihs
2511 909 2708 957 autem
2737 894 2932 959 audito

2314 991 2429 1051 hoc
2457 993 2637 1052 uerbo
2655 1024 2670 1040 ·
2729 994 2809 1052 ait
2834 1011 2916 1069 pa

2315 1086 2386 1143 tri
2416 1087 2600 1163 puelle
2684 1088 2806 1147 noli
2833 1088 2876 1144 ti

2315 1199 2473 1240 mere
2559 1180 2674 1241 Sed
2701 1182 2870 1241 crede

2313 1282 2540 1333 tantum
2567 1284 2625 1333 et
2651 1274 2814 1334 salua

2313 1368 2420 1426 erit
2441 1400 2456 1415 ·
2520 1366 2563 1401 ⁶²
2581 1378 2638 1427 et
2665 1386 2802 1429 cum
2829 1384 2932 1445 per

2315 1463 2567 1521 uenisset
2593 1464 2652 1521 in
2682 1462 2863 1521 domfi
2887 1494 2900 1508 ·

2315 1555 2456 1615 Non
2484 1557 2742 1633 permisit
2771 1556 2922 1615 intra

2313 1669 2372 1709 re
2403 1668 2600 1709 secum
2629 1654 2924 1728 quemqua
2941 1680 2956 1697 ·

2313 1745 2424 1802 nisi
2453 1754 2678 1820 petrum
2705 1752 2764 1803 et
2791 1744 2850 1803 io

2311 1837 2566 1897 hannem
2592 1848 2650 1896 et
2676 1838 2888 1896 iacobfi

2309 1931 2386 1990 Et
2415 1942 2637 2008 patrem
2664 1941 2722 1989 et
2750 1934 2934 1989 matre

2308 2026 2492 2103 puelle
2513 2057 2527 2073 ·
2588 2024 2633 2059 ⁶²
2650 2026 2895 2086 Flebant

2307 2130 2500 2178 autem
2527 2138 2734 2179 omnes
2761 2128 2820 2179 et

2307 2215 2661 2290 plangebant
2689 2214 2845 2273 illam

2308 2309 2390 2366 At
2418 2307 2509 2366 ille
2539 2308 2685 2365 dixit
2711 2307 2888 2366 nolite

2305 2402 2442 2461 flere
2511 2419 2633 2461 non
2660 2410 2748 2461 est
2773 2407 2868 2460 eni

2279 2505 2535 2556 ·mortua
2563 2494 2665 2557 sed
2694 2495 2905 2556 dormit

2305 2627 2349 2662 ³³
2369 2638 2426 2688 et
2454 2627 2790 2688 deridebant
2815 2646 2951 2688 eum

2306 2723 2556 2782 scientes
2585 2723 2750 2801 quod
2775 2740 2908 2780 mor

2304 2824 2405 2875 tua
2431 2825 2518 2876 est
2537 2847 2552 2863 ·
2597 2817 2781 2893 “ipse
2812 2825 3004 2874 autem

2303 2911 2518 2971 eiciens
2545 2929 2754 2970 omnes
2783 2909 2936 2969 foras
2955 2940 2970 2956 ·

2303 3015 2360 3063 et
2375 3015 2579 3064 tenens
2597 3022 2836 3062 manum
2853 3003 2976 3062 eius
2988 3034 3002 3050 ·

2304 3099 2576 3158 clamauit
2603 3097 2803 3158 dicens
2826 3129 2839 3144 ·
2859 3117 2942 3176 pu

2301 3194 2412 3252 ella
2434 3213 2628 3270 surge·
2659 3191 2768 3251 ⁶⁸et
2786 3210 3004 3252 conuer

2304 3288 2369 3345 tit
2397 3291 2498 3364 sps
2525 3289 2648 3345 eius
2731 3296 2787 3346 et
2816 3305 2915 3346 sur

2300 3383 2444 3440 rexit
2472 3381 2750 3440 continuo
2774 3411 2788 3427 ·
2847 3380 2926 3438 Et

2301 3475 2462 3534 iussit
2487 3475 2565 3532 illi
2593 3474 2714 3533 dari
2742 3491 2884 3532 man

2299 3569 2512 3628 ducare
2531 3600 2545 3616 ·
2603 3569 2649 3602 ⁶⁶
2664 3578 2722 3628 et
2749 3578 2920 3644 stupu

2299 3673 2468 3723 erunt
2495 3673 2763 3740 parentes
2791 3664 2916 3722 eius
2939 3695 2954 3710 ·

2299 3760 2509 3836 quibus
2537 3760 2829 3835 praecepit
2858 3776 2932 3816 ne

2301 3853 2472 3912 alicui
2502 3852 2759 3911 dicerent
2778 3885 2862 3896 -—

2301 3948 2462 4025 quod
2489 3945 2705 4006 factum
2733 3956 2821 4006 est
2838 3971 2920 3997 m

2269 4041 2365 4104 *9.
2391 4042 2410 4074 ¹
2429 4040 2786 4101 Conuocatis
2807 4050 3001 4100 autem

1496 4132 1621 4190 “At
1644 4133 1765 4210 ipse
1785 4135 1927 4192 dixit
1946 4136 2047 4194 illi·
2076 4154 2194 4196 con
2267 4135 2608 4195 *duodecim
2634 4137 2779 4195 disci

1496 4237 1656 4286 stans
1683 4237 1809 4288 esto
1837 4229 1954 4287 filia
2023 4229 2061 4288 fi

1494 4321 1595 4380 des
1623 4330 1722 4380 tua
1750 4332 1804 4381 te
1834 4324 2055 4382 saluam

1490 4415 1625 4474 fecit
1654 4413 1785 4474 uad0
1812 4417 1873 4475 in
1901 4417 2047 4494 pace
2066 4450 2081 4465 ·

1488 4509 1746 4569 “Adhuc
1774 4511 1871 4571 illo
1900 4512 2171 4591 loquente

1486 4605 1645 4668 uenit
1674 4625 1709 4664 a
1734 4606 2054 4684 principem

2266 4231 2445 4308 *pulis
2473 4233 2592 4290 suis
2620 4231 2775 4291 dedit

2297 4325 2404 4384 illis
2431 4327 2703 4387 uirtutem
2730 4336 2788 4388 et

2293 4429 2639 4496 potestatem

2294 4532 2467 4594 super
2493 4517 2694 4575 omnia
2720 4518 2792 4576 de

2229 4637 2232 4640 ·
2291 4611 2492 4670 monia
2517 4643 2530 4658 ·
2589 4622 2649 4671 et
2673 4623 2737 4672 ut
2763 4613 2980 4690 languo

2822 4725 2914 4770 ἷξε

3307 360 3474 425 [v111.
3501 364 3704 427 35-1X.
3727 375 3775 426 9.

3081 446 3112 467 0

3070 532 3333 581 curarent
3351 555 3364 569 ·
3428 522 3544 583 'Et
3571 524 3728 583 misit
3800 539 3934 588 rol.
3957 542 4080 591 uo.

3067 616 3198 676 illos
3225 618 3523 695 predicare
3549 637 3653 696 reg

3069 729 3212 769 num
3243 712 3303 770 di
3322 744 3337 759 ·
3408 724 3466 771 et
3495 731 3700 773 sanare

3067 804 3360 866 infirmos·
3403 805 3426 838 ⁸
3442 816 3500 866 et
3527 808 3606 867 ait
3630 806 3708 867 ad

3067 898 3195 958 illos
3223 900 3364 959 nihil
3389 901 3626 960 tuleritis

3066 992 3128 1050 in
3155 993 3251 1052 uia
3269 1025 3284 1041 ·
3345 1004 3523 1073 neque
3543 996 3770 1073 uirgam

3066 1105 3256 1164 neque
3284 1108 3488 1165 peram
3516 1120 3531 1137 ·
3591 1102 3732 1168 neq·

3066 1182 3448 1242 calciamenta
3466 1214 3482 1231 ·
3545 1194 3688 1262 neq·-

3063 1293 3279 1352 panem
3301 1308 3316 1323 ·
3376 1295 3564 1355 neque
3591 1297 3667 1356 pe

3063 1372 3297 1430 cuniam
3320 1403 3336 1418 ·
3395 1390 3588 1449 neque
3614 1372 3696 1431 du

3065 1482 3128 1522 as
3155 1465 3381 1523 tunicas
3409 1464 3666 1525 habeatis
3689 1497 3704 1513 ·

3064 1559 3085 1590 ⁴
3103 1557 3178 1616 Et
3205 1560 3267 1618 in
3295 1578 3664 1638 quacumque
3686 1561 3770 1621 do

3063 1670 3228 1711 mum
3262 1654 3602 1712 intraueritis

3062 1748 3141 1806 ibi
3171 1758 3400 1807 manete
3427 1758 3485 1806 et
3511 1748 3650 1809 inde
3685 1749 3690 1753 ’

3062 1841 3497 1919 proficiscimini
3515 1874 3530 1889 ·

3063 1933 3084 1967 ⁸
3101 1933 3177 1991 Et
3205 1936 3555 2013 quicumque
3583 1952 3709 1995 non

3061 2029 3366 2105 reciperint
3395 2048 3500 2089 uos
3523 2062 3539 2077 ·

3059 2122 3360 2183 Exeuntes
3388 2124 3460 2183 de
3489 2124 3664 2183 ciuita

3059 2224 3114 2275 te
3143 2217 3238 2276 illa
3265 2218 3440 2277 etiam
3467 2219 3644 2295 pulue

3056 2328 3181 2369 rem
3209 2322 3463 2371 uestrum

3055 2406 3304 2465 excutite
3333 2407 3394 2464 in
3421 2406 3652 2465 testimo

3056 2500 3219 2560 nium
3246 2518 3420 2578 supra
3444 2500 3574 2560 illos
3593 2533 3608 2547 ·

3055 2634 3076 2667 ⁸
3092 2631 3330 2710 Egressi
3357 2643 3551 2692 autem
3579 2634 3740 2692 ibant

3057 2745 3160 2804 per
3187 2726 3421 2786 castella
3445 2735 3504 2786 et
3529 2727 3642 2786 ciui

3058 2831 3202 2880 tates
3220 2852 3234 2868 ·
3307 2821 3592 2899 Euangeli

3057 2925 3253 2974 zantes
3281 2915 3495 2993 ubique
3518 2947 3533 2962 ·

3053 3009 3076 3042 ⁷
3094 3011 3334 3070 Audiuit
3362 3021 3554 3070 autem
3581 3009 3657 3071 he

3053 3103 3224 3162 rodes
3253 3105 3537 3164 tetrarcha

3055 3197 3254 3256 omnia
3282 3216 3598 3277 quecumqt

3053 3300 3217 3350 erant
3243 3292 3395 3352 facta
3423 3295 3499 3352 ab
3525 3313 3600 3356 eo
3618 3328 3633 3344 ·

3052 3383 3130 3442 Et
3157 3389 3633 3448 consternebatur
3676 3381 3690 3389 ’

3051 3496 3124 3537 eo
3153 3481 3314 3557 quod
3344 3482 3624 3542 diceretur

3049 3569 3071 3604 ⁸
3089 3591 3126 3631 a
3153 3575 3500 3651 quibusdam
3519 3608 3534 3624 ·

3051 3668 3215 3743 quod
3243 3670 3512 3730 iohannis
3541 3689 3638 3730 sur

3051 3762 3196 3819 rexit
3223 3780 3260 3820 a
3287 3767 3529 3824 mortuis
3553 3797 3568 3812 ·

3051 3855 3108 3913 A
3137 3857 3488 3933 quibusdam
3516 3865 3649 3920 aute

3052 3949 3212 4027 quod
3238 3951 3420 4012 helias
3448 3973 3603 4032 appa

3051 4045 3164 4104 ruit
3181 4077 3198 4092 ·
3258 4048 3336 4106 ab
3362 4048 3485 4107 aliis
3514 4055 3648 4110 aute

3051 4141 3211 4218 quod
3240 4143 3462 4218 profeta
3490 4162 3642 4204 unus

3049 4233 3121 4293 de
3149 4237 3400 4314 antiquis
3429 4256 3627 4298 surrex

3047 4329 3120 4386 sit
3140 4358 3154 4374 ·
3214 4331 3335 4389 ’Ait
3362 4341 3560 4392 autem
3587 4333 3662 4393 he

3045 4423 3217 4484 rodes
3237 4457 3250 4472 ·
3311 4427 3626 4488 iohannem

3049 4535 3162 4594 ego
3194 4519 3474 4580 decollaui
3495 4553 3510 4569 ·
3570 4522 3666 4583 hic

3050 4614 3178 4691 quis
3205 4623 3291 4673 est
3319 4615 3391 4674 de
3419 4634 3539 4693 quo
