4373 5048
1649 483 2103 547 EDITORIS
2144 483 2511 547 NOTULA
2524 486 2606 548 Ε.
3360 500 3479 570 157

777 650 823 704 F
827 650 898 704 01.
926 648 1029 705 182
1043 650 1100 705 b.
1155 666 1241 706 22.
1278 651 1422 708 nebo
1444 656 1598 724 ηιμ,
1616 657 1936 724 rsuperscr.
1954 672 2098 710 corr.
2115 659 2257 727 ηιμ
2331 670 2417 725 23.
2452 654 2989 727 cix-circumspiciens
3008 660 3163 727 ηιμ,
3181 658 3483 713 secundum

919 733 1002 789 cir
1010 734 1367 805 perlineauit
1387 740 1444 789 et
1463 738 1746 807 expunxit
1766 754 1912 792 corr.
1937 743 2084 810 ηιμ

777 829 824 884 F
827 830 900 884 01.
929 829 1049 884 183.
1102 831 1394 901 spatiolae
1416 847 1563 900 quae
1583 834 1738 887 inter
1753 835 1980 889 litteras
2003 841 2333 903 cernuntur,
2348 852 2379 890 e
2402 834 2567 890 m'tt'tls·
2590 836 2655 889 in
2678 835 3003 889 membrana
3008 835 3191 904 fiunt.
3265 851 3351 905 30.
3375 855 3483 893 uen

918 914 983 968 in
1007 924 1240 969 uenturo
1262 917 1536 985 superscr.
1563 933 1706 971 corr.
1730 920 1874 988 ηιμ

776 1010 822 1063 F
826 1009 895 1064 ol.
927 1009 1028 1064 183
1043 1012 1097 1065 b.
1153 1025 1239 1080 32.
1278 1012 1417 1065 Erat
1443 1016 1609 1084 ηιμ,
1637 1031 1675 1068 n
1699 1017 1974 1084 superscr.
1999 1031 2143 1070 corr.
2163 1017 2309 1084 ηιμ
2397 1028 2483 1083 34
2520 1014 2816 1085 Spatiolae
2844 1014 3000 1069 inter
3021 1014 3245 1070 litteras
3265 1033 3296 1071 e
3317 1017 3484 1071 uitiis·

916 1094 981 1148 in
1003 1095 1330 1149 membrana
1327 1096 1508 1165 fiunt.

777 1189 898 1243 Fol.
927 1188 1045 1243 184.
1097 1203 1182 1260 35.
1218 1200 1303 1245 ter
1326 1192 1390 1245 in
1413 1190 1680 1261 magister
1700 1193 1766 1247 in
1790 1209 2001 1248 rasura
2024 1193 2201 1265 gister
2222 1194 2498 1265 scriptum
2523 1200 2608 1248 est
2628 1211 2667 1247 a
2689 1211 2763 1247 m.
2767 1198 2833 1265 μ
2895 1207 2981 1263 37.
3006 1208 3089 1264 39.
3126 1194 3377 1251 sinitram
3397 1235 3409 1249 .
3432 1236 3444 1249 .
3468 1236 3481 1249 .

918 1272 1138 1328 dierunt
1163 1276 1328 1344 ηιμ,
1355 1292 1382 1329 s
1410 1314 1423 1328 .
1451 1314 1464 1328 .
1493 1313 1506 1328 .
1533 1292 1568 1328 x
1589 1279 1865 1346 superscr.
1889 1294 2035 1332 corr.
2061 1280 2207 1347 ηιμ

775 1368 896 1423 Fol.
929 1368 1033 1424 184
1045 1370 1100 1424 b.
1156 1381 1242 1439 45.
1280 1369 1355 1424 In
1395 1374 1657 1442 margine
1693 1373 1967 1443 scriptum
2006 1379 2093 1428 est
2130 1388 2309 1427 manu
2347 1386 2377 1427 2
2424 1373 2496 1429 de
2536 1390 2685 1429 ceco.
2782 1387 2869 1441 47.
2910 1390 3177 1431 nazoreus
3218 1378 3380 1446 ηιμ,
3424 1392 3483 1431 n.

916 1456 1194 1523 superscr.
1217 1470 1359 1508 corr.
1387 1458 1532 1525 ηιμ

775 1548 894 1603 Fol.
923 1548 1043 1603 185.
1083 1548 1167 1603 11.
1210 1563 1255 1603 1.
1291 1549 1448 1605 Ante
1480 1552 1556 1605 Et
1593 1566 1723 1605 cum
1759 1552 1989 1623 ,1ωῷπῖ
2022 1569 2096 1606 m.
2123 1565 2156 1606 2
2182 1552 2217 1608 ·1·
2242 1550 2372 1619 int‘:;
2406 1550 2706 1621 eademqne
2740 1569 2948 1608 manus
2982 1554 3046 1608 in
3082 1555 3347 1627 margine
3380 1556 3477 1609 ad-

902 1633 1106 1702 posuit
1127 1632 1385 1687 dominec
1411 1632 1466 1688 in
1491 1634 1656 1689 oliuo.

775 1728 894 1783 Fol.
923 1726 1042 1781 186.
1099 1742 1180 1783 10.
1229 1746 1262 1783 e
1302 1730 1368 1783 in
1419 1727 1644 1797 nomine
1696 1728 1955 1798 (secundo
2005 1729 2146 1799 loco)
2191 1747 2267 1783 ex
2306 1729 2325 1783 i
2378 1732 2628 1785 correxit
2675 1748 2749 1786 m.
2752 1733 2819 1801 μ
2905 1731 3012 1786 Ad
3044 1734 3230 1803 finem
3281 1750 3481 1787 uersus

912 1812 1141 1882 scripsit
1163 1829 1236 1866 m.
1263 1826 1294 1866 2
1323 1812 1508 1867 finem.
1587 1828 1610 1869 1
1623 1828 1669 1868 1.
1704 1830 1976 1884 uespaera
2013 1817 2178 1883 ηιμ,
2192 1814 2452 1884 priorem
2487 1831 2524 1868 a
2548 1814 2905 1884 perlineauit
2938 1821 2995 1869 et
3020 1818 3303 1886 eapunxit
3334 1834 3480 1872 corr.

913 1897 1060 1965 ηιμ
1140 1910 1220 1950 12.
1257 1894 1461 1952 exisset
1487 1912 1561 1950 m.
1564 1900 1649 1968 μ,
1677 1915 1704 1953 s
1725 1901 2000 1968 super-scr.
2025 1914 2170 1952 corr.
2197 1900 2349 1968 ηιμ

770 1993 817 2047 F
820 1992 891 2047 ol.
921 1991 1038 2047 187.
1077 2006 1162 2047 21.
1199 1992 1332 2047 arbr
1354 1996 1516 2063 ηιμ,
1540 2010 1576 2048 o
1599 1997 1874 2065 superscr.
1899 2010 2042 2048 corr.
2069 1996 2213 2064 ηιμ
2300 2007 2386 2062 23.
2424 1993 2613 2049 tollere
2635 2010 2667 2047 e
2687 1992 2867 2049 tollire
2890 1995 3137 2049 correxit
3158 1998 3307 2066 ηιμ

772 2091 818 2144 F
821 2090 893 2144 ol.
922 2088 1024 2143 187
1038 2089 1094 2143 b.
1147 2101 1234 2155 27.
1273 2089 1596 2144 sacrdotum
1619 2106 1693 2144 m.
1697 2092 1781 2160 μ,
1799 2106 1834 2146 e
1856 2092 2132 2160 superscr.
2150 2106 2297 2144 corr.
2312 2092 2457 2160 ηιμ
2519 2103 2604 2159 33.
2630 2089 2943 2160 respndens
2967 2092 3130 2160 ηιμ,
3148 2106 3183 2145 o
3201 2094 3478 2161 superscr.

912 2188 1055 2227 corr.
1081 2176 1225 2243 ηιμ

770 2269 892 2323 Fol.
915 2268 1034 2323 189.
1093 2267 1176 2323 12.
1221 2281 1300 2335 14.
1336 2284 1578 2338 prsonas
1604 2271 1766 2339 ηιμ,
1791 2286 1823 2323 e
1845 2272 2121 2339 superscr.
2146 2285 2293 2324 corr.
2318 2272 2465 2338 ηιμ

771 2365 890 2418 Fol.
920 2363 1022 2419 189
1035 2364 1090 2418 b.
1151 2378 1232 2433 19.
1269 2380 1429 2419 semn
1455 2367 1620 2435 ηιμ,
1638 2382 1671 2420 e
1688 2367 1963 2435 superscr.
1981 2380 2125 2419 corr.
2150 2367 2295 2434 ηιμ
2369 2378 2455 2430 24.
2492 2361 2840 2434 respondens
2856 2364 3215 2435 erepondens
3234 2366 3482 2419 correxit

911 2450 1076 2518 ηιμ,
1104 2465 1131 2502 s
1161 2447 1225 2501 in
1249 2448 1514 2519 margine
1535 2448 1760 2503 addens.

773 2544 892 2598 Fol.
921 2543 1040 2599 190.
1091 2556 1178 2610 27.
1216 2543 1346 2600 sed}
1373 2584 1386 2598 .
1413 2585 1428 2598 .
1455 2585 1468 2598 .
1494 2544 1664 2600 eratis
1703 2547 1869 2614 ηιμ,
1908 2544 1947 2599 d
1972 2584 1984 2598 .
2014 2584 2026 2598 .
2055 2584 2068 2597 .
2094 2561 2123 2598 r
2157 2547 2433 2614 superscr.
2470 2559 2615 2598 corr.
2652 2545 2795 2613 ηιμ
2892 2557 2978 2612 30.
3015 2554 3072 2600 et
3106 2547 3171 2599 in
3214 2547 3477 2616 margine

910 2625 1136 2681 addidit
1155 2644 1300 2682 corr.
1325 2631 1468 2698 ηιμ
1547 2642 1628 2694 31.
1666 2645 1697 2684 c
1723 2629 1786 2682 in
1812 2627 1942 2682 huic
1963 2629 2028 2682 in
2052 2645 2166 2682 ras.
2192 2629 2405 2697 scripta
2427 2631 2511 2680 est
2532 2644 2569 2680 a
2592 2629 2741 2697 ηιμ

774 2724 894 2779 Fol.
922 2721 1025 2777 190
1043 2724 1098 2778 b.
1152 2709 1236 2791 32.
1275 2722 1348 2777 illi
1378 2722 1578 2792 scriba,
1605 2725 1689 2778 sic
1708 2741 1782 2777 m.
1785 2726 1852 2794 μ
1878 2728 1948 2777 ut
1967 2723 2166 2778 credo:
2192 2721 2266 2778 ini
2292 2728 2481 2777 autem
2504 2722 2571 2776 in
2596 2722 2685 2777 ine
2709 2723 2957 2777 correxit
2970 2726 3107 2794 ηιμ
3123 2739 3285 2791 corr„
3304 2729 3475 2794 atque

909 2807 1086 2860 erasit
1109 2824 1136 2862 s
1161 2807 1350 2860 eadem
1358 2807 1572 2877 forsan
1597 2824 1820 2861 manus.

769 2905 815 2958 F
820 2902 890 2957 ol.
922 2901 1041 2956 191.
1097 2903 1184 2971 38.
1221 2902 1408 2959 uidete
1441 2919 1516 2956 ex
1549 2902 1722 2958 uidite
1757 2903 2009 2958 correxit
2041 2905 2184 2973 ηιμ
2207 2917 2351 2958 corr.
2445 2916 2531 2971 39.
2571 2901 2843 2957 conuiuiis
2879 2919 2953 2956 ex
2984 2901 3193 2956 conuii-
3228 2902 3477 2957 correxit

912 2989 1056 3055 ηιμ.

769 3070 890 3124 Fol.
930 3068 1028 3124 191
1056 3069 1113 3123 1).
1174 3069 1256 3123 13.
1283 3083 1332 3123 2.
1369 3087 1434 3123 ru
1471 3069 1536 3123 in
1576 3069 1896 3125 destruatur
1925 3070 1991 3123 in
2019 3085 2134 3126 ras.
2157 3069 2434 3138 smptum
2472 3073 2555 3122 est
2592 3085 2629 3121 a
2670 3071 2815 3139 ηιμ
2889 3082 2939 3137 3.
2976 3077 3191 3123 mntem
3230 3073 3392 3140 ηιμ,
3435 3085 3471 3123 o

908 3155 1182 3223 superscr.
1208 3168 1351 3207 corr.
1377 3156 1522 3222 ηιμ

767 3251 813 3304 F
817 3249 909 3304 oll.
938 3249 1058 3317 191,
1078 3248 1196 3303 192.
1235 3247 1529 3318 Spatiolae
1550 3248 1834 3319 longiores
1855 3264 2001 3318 quae
2023 3249 2178 3302 inter
2201 3247 2371 3301 uerba
2394 3253 2451 3301 et
2470 3246 2696 3334 litteras
2718 3248 2783 3300 in
2806 3245 2898 3302 Itis
2901 3246 3077 3317 soliis
3098 3245 3193 3301 hic
3213 3247 3340 3302 z'llic
3358 3264 3468 3303 cer-

906 3336 1147 3400 nuntur,
1171 3348 1202 3386 e
1225 3333 1386 3386 uitizze
1409 3333 1475 3385 in
1498 3331 1824 3385 membrana
1845 3337 1996 3386 sunt.

767 3427 888 3484 Fol.
918 3427 1018 3482 192
1033 3429 1088 3483 b.
1149 3442 1229 3497 13.
1265 3425 1446 3484 etritis
1483 3430 1646 3497 ηιμ,
1681 3444 1714 3482 e
1749 3430 2022 3497 superscr.
2055 3442 2199 3482 corr.
2235 3429 2378 3496 ηιμ
2476 3440 2557 3493 14.
2596 3426 2711 3496 qud
2750 3429 2913 3496 ηιμ,
2945 3443 2980 3482 0
3018 3429 3292 3497 superscr.
3325 3443 3469 3481 corr.

908 3528 982 3565 m.
1036 3551 1051 3566 .

767 3609 813 3663 F
815 3608 886 3664 ol.
914 3513 1036 3662 19:³3⁶.
1085 3622 1173 3662 20.
1210 3615 1300 3662 tos
1333 3608 1401 3661 in
1434 3606 1643 3662 eleetos
1677 3605 1892 3677 (primo
1932 3605 2069 3675 loco)
2103 3624 2141 3659 a
2177 3607 2326 3675 ηιμ
2359 3606 2645 3672 omissum,
2670 3605 2897 3660 addidit
2928 3605 2993 3658 in
3028 3607 3291 3676 margine
3323 3622 3467 3660 corr.

907 3694 1054 3762 ηιμ
1127 3705 1214 3745 22.
1251 3689 1557 3761 ρεεοάοκῇί
1583 3706 1614 3744 e
1636 3688 1946 3760 pseudoxpi
1971 3690 2222 3743 correxit
2239 3705 2383 3743 corr.
2408 3691 2552 3759 ηιμ

767 3788 887 3842 Fol.
917 3786 1019 3842 193
1034 3786 1091 3841 b.
1147 3787 1232 3841 28.
1271 3785 1328 3841 in
1357 3784 1616 3856 (secundo
1641 3784 1778 3854 loco)
1803 3802 1841 3838 a
1866 3788 2015 3855 ηιμ
2041 3785 2329 3851 omissum,
2354 3782 2581 3838 addidit
2602 3784 2666 3837 in
2692 3784 2953 3854 margine
2975 3799 3119 3837 corr.
3143 3787 3289 3855 ηιμ

765 3887 811 3940 F
814 3884 885 3940 01.
915 3882 1034 3938 194.
1075 3882 1162 3936 14.
1186 3897 1237 3938 2.
1274 3898 1308 3936 o
1332 3885 1396 3936 in
1421 3881 1566 3937 festo
1590 3898 1663 3936 ex
1682 3897 1778 3934 um
1801 3882 2048 3935 correxit
2071 3883 2236 3951 ηιμ,
2252 3879 2528 3935 eradendo
2554 3897 2611 3934 m
2632 3886 2692 3934 et
2712 3896 2747 3935 u
2764 3881 2829 3933 in
2852 3894 2889 3933 o
2913 3879 3226 3945 mutando,·
3260 3881 3468 3950 quzppe
3558 3865 3565 3871 ’

906 3966 1258 4022 festumultus
1281 3967 1570 4037 inceperat
1586 3964 1823 4019 scribere
1845 3967 1990 4034 ηιμ

764 4061 1086 4118 F01.194b.
1141 4073 1188 4130 5.
1214 4075 1265 4131 9.
1303 4061 1388 4116 dri
1416 4101 1430 4114 .
1457 4100 1471 4114 .
1498 4099 1512 4114 .
1537 4059 1654 4131 qud
1677 4063 1840 4131 ηιμ,
1865 4077 1902 4114 a
1926 4098 1940 4113 .
1967 4098 1982 4113 .
2007 4098 2022 4114 .
2047 4075 2082 4114 o
2105 4062 2381 4129 superscr.
2403 4074 2547 4114 corr.
2574 4062 2722 4130 ηιμ

765 4159 885 4214 Fol.
913 4157 1032 4212 195.
1089 4172 1110 4212 1
1125 4171 1170 4212 1.
1206 4174 1336 4212 eum
1361 4165 1494 4212 tune
1517 4156 1748 4211 incun’a
1769 4173 1807 4209 a
1831 4157 1968 4225 ηιμ
1988 4157 2264 4226 scriptum
2277 4153 2636 4224 perlineam't
2654 4159 2710 4209 et
2729 4155 3013 4225 expunxit
3027 4169 3171 4208 corr.
3187 4156 3324 4223 ηιμ
3383 4169 3463 4208 12.

905 4243 1090 4313 pacha
1113 4244 1276 4311 ηιμ,
1303 4257 1331 4294 s
1354 4243 1628 4310 superscr.
1654 4255 1798 4294 corr.
1823 4241 1970 4308 ηιμ

764 4343 886 4399 rol.
913 4342 1017 4398 195
1034 4341 1090 4397 b.
1133 4355 1214 4411 19.
1251 4349 1518 4412 ceperunt
1543 4341 1708 4409 ηιμ,
1731 4357 1764 4394 e
1787 4342 2062 4410 superscr.
2088 4356 2233 4395 corr.
2258 4342 2403 4409 ηιμ
