4373 5048
614 341 728 389 vll.
756 343 1006 391 ar—VIH.
1038 340 1141 408 17.]

322 512 449 564 ποι.
472 514 557 566 18.
610 508 748 587 Ipse
774 510 1006 571 intrabit
1032 513 1092 571 in

606 623 852 681 regnum
885 606 1117 666 caelon‘i
1141 631 1154 646 ·

604 694 828 758 ”Multi
856 700 1053 759 dicent
1084 700 1227 760 mihi

602 792 667 851 in
692 794 789 853 illa
815 794 907 854 die
931 821 943 836 ·
1002 794 1117 855 dfie

602 887 718 946 dr'1e
751 906 951 948 nonne
978 889 1039 948 in
1069 906 1151 949 no

602 982 759 1041 mine
787 991 886 1044 tuo
914 983 1081 1060 profe

599 1077 851 1136 tauimus
880 1106 895 1122 ·
952 1076 1030 1136 Et
1053 1078 1115 1136 in
1142 1097 1225 1140 no

597 1172 755 1231 mine
787 1182 888 1231 tuo
916 1172 1126 1232 daemo

599 1266 698 1325 nia
723 1266 963 1325 eicimus
988 1312 1001 1325 .
1061 1266 1139 1326 Et

594 1360 658 1418 in
686 1370 786 1420 tuo
821 1361 1059 1421 nomine

594 1454 831 1514 uirtutes
858 1454 1071 1514 multas

593 1548 837 1608 fecimus
856 1575 869 1588 ·
936 1547 1064 1609 ”Et
1093 1558 1232 1611 tunc

591 1643 795 1703 iurabo
822 1643 931 1703 illis
959 1644 1095 1720 quia

593 1754 715 1797 non
743 1738 881 1796 noui
907 1756 1019 1798 uos
1038 1764 1051 1777 ·

593 1830 891 1891 Discedite
919 1850 955 1891 a
982 1850 1077 1893 me
1112 1848 1229 1913 ope

592 1926 722 1983 rarii
748 1926 1059 2001 iniquitatis
1084 1954 1097 1968 ·

589 2016 854 2080 8⁴Omnis
880 2038 1023 2097 ergo
1048 2022 1146 2099 qui
1174 2040 1251 2082 au

589 2113 672 2173 dit
694 2114 873 2173 uerba
898 2133 1033 2174 mea

588 2206 734 2267 haec
764 2218 822 2268 et
849 2208 985 2268 facit
1010 2228 1083 2268 ea
1101 2236 1115 2251 ·
1174 2212 1225 2271 si

587 2302 805 2362 milabo
832 2320 969 2362 eum
993 2304 1121 2364 uiro

588 2524 832 2604 sapienti
849 2557 864 2573 ·
907 2529 1007 2604 qui

585 2621 911 2682 aedificauit
938 2621 1161 2682 domu·-
1184 2649 1199 2666 ·

584 2731 751 2774 suam
780 2733 955 2792 supra
988 2735 1066 2793 pe

581 2819 730 2868 tram
749 2835 762 2849 ·
822 2807 1093 2870 2³descen

580 2903 662 2962 dit
690 2903 886 2981 pluuia
914 2903 1063 2964 flaue

577 3007 713 3058 runt
739 2999 897 3058 uenti
916 3025 945 3039 ··
968 3000 1121 3060 adue

578 3104 790 3153 nerunt
816 3095 1056 3154 flumina
1074 3121 1087 3134 ·

578 3202 637 3251 et
660 3194 1005 3270 inpegerunt
1030 3195 1091 3252 in

579 3289 820 3348 domum
848 3288 1003 3348 illam
1073 3298 1131 3348 et

576 3400 701 3441 non
730 3383 939 3442 cecidit
963 3409 975 3423 ·
1038 3381 1169 3441 Fun

576 3475 713 3536 data
745 3476 903 3535 enim
931 3487 1054 3535 erat
1085 3495 1153 3536 su

574 3588 682 3648 pra
708 3581 875 3647 petra
896 3595 911 3610 ·
968 3569 1094 3629 “Et
1123 3588 1223 3631 om

572 3665 663 3722 nis
690 3665 789 3740 qui
820 3664 981 3724 audit
1004 3683 1111 3724 uer

570 3759 651 3817 ba
676 3777 811 3818 mea
837 3758 984 3818 haec
1004 3785 1017 3800 ·
1076 3767 1133 3818 et

572 3847 696 3914 non
723 3853 862 3912 facit
888 3871 959 3911 ea
976 3884 990 3898 ·
1052 3853 1181 3911 simi

568 3947 639 4006 lis
666 3957 755 4007 est
783 3948 912 4007 uiro
942 3947 1148 4006 stulto·

572 4039 691 4113 Qui
719 4040 1047 4101 aedificauit
1076 4041 1156 4102 do

568 4154 733 4194 mum
763 4153 930 4194 suam
960 4153 1027 4194 su

566 4249 675 4308 pra
706 4230 984 4291 harenam
1009 4255 1025 4272 ·

565 4322 919 4385 ”descendit
946 4325 1144 4404 pluuia

1872 334 2009 394 MA
2027 323 2349 395 TTHEIJ·
2359 366 2375 383 ·

1356 512 1672 573 Flauerunt
1700 514 1859 573 uenti

1359 608 1722 668 aduenerunt
1754 610 1836 667 flu

1360 704 1519 761 mina
1542 728 1555 742 ·
1616 712 1675 762 et
1706 703 1871 762 offen

1359 796 1569 855 derunt
1599 798 1659 855 in
1687 797 1872 858 domi-1

1357 889 1513 949 illam
1598 900 1655 949 et
1682 892 1920 953 cecidit·

1354 994 1412 1043 et
1443 983 1599 1044 facta
1626 996 1714 1046 est
1744 987 1910 1048 ruina

1353 1079 1475 1139 eius
1502 1097 1721 1157 magna
1743 1108 1756 1121 ·
1788 1108 1871 1135 ψ,

1438 1199 1521 1226 Ψ
1643 1200 1726 1228 *C*
1846 1202 1931 1231 §A

1319 1262 1482 1327 *²⁸Et
1508 1266 1725 1327 factum
1752 1279 1842 1329 est

1320 1359 1489 1420 *cum
1522 1378 1772 1422 consum

1320 1452 1567 1515 *masset
1592 1456 1682 1516 ihs
1701 1484 1715 1497 ·
1772 1476 1873 1517 uer

1320 1547 1429 1608 ¹'‘ba
1456 1549 1601 1611 haec
1624 1577 1637 1591 ·
1698 1552 1922 1615 admira

1316 1641 1557 1703 *bantur
1584 1646 1785 1705 turbae

1352 1756 1527 1815 super
1560 1740 1865 1802 doctrina*

1350 1834 1473 1893 eius
1494 1860 1508 1873 ·
1566 1832 1740 1895 ¹''erat
1768 1842 1898 1897 aut'e‘

1348 1926 1572 1987 docens
1599 1946 1704 1988 eos
1734 1930 1882 1991 sicut

1347 2031 1697 2097 potestatem
1730 2022 1808 2085 ha

1348 2116 1493 2175 bens
1574 2126 1633 2176 et
1659 2136 1782 2177 non
1810 2119 1957 2179 sicut

1346 2210 1568 2269 scribae
1596 2230 1801 2272 eorum
1827 2224 1889 2273 et

1345 2303 1571 2364 farisaei
1593 2330 1606 2344 ·
1685 2310 1743 2365 8.
1765 2305 1874 2367 ¹Et
1900 2308 2005 2369 des

1344 2399 1628 2459 cendente
1660 2418 1734 2461 eo
1768 2400 1841 2460 de

1344 2541 1545 2592 monte
1621 2545 1820 2595 secute

1343 2634 1479 2685 sunt
1506 2645 1641 2686 eum
1670 2628 1832 2689 turbe

1342 2719 1558 2780 multae
1582 2749 1595 2762 ·
1660 2723 1769 2782 ’Et
1795 2742 1935 2784 ecce

1338 2813 1605 2890 leprosus
1633 2817 1810 2892 quida

1336 2909 1580 2968 ueniens
1618 2911 1803 2971 adora

1334 3003 1436 3061 bat
1462 3021 1597 3061 eum
1626 3004 1829 3066 dicens
1848 3031 1861 3046 ·

1332 3093 1468 3155 Dfie
1498 3097 1545 3156 si
1572 3098 1662 3156 uis
1691 3109 1861 3175 potes

1333 3205 1428 3249 me
1457 3190 1775 3251 mundare·

1330 3283 1421 3342 ³et
1449 3287 1771 3345 extendens
1800 3305 1899 3348 ma

1329 3397 1471 3437 num
1502 3380 1684 3457 tetigit
1716 3389 1791 3440 eti

1329 3474 1419 3532 ihs
1446 3475 1648 3534 dicens
1724 3493 1804 3535 uo

1327 3567 1386 3627 lo
1413 3569 1697 3630 mundare
1716 3596 1729 3610 ·

1327 3661 1406 3721 Et
1432 3663 1742 3723 confestim
1772 3682 1917 3724 mun

1328 3756 1464 3816 data
1491 3768 1581 3816 est
1607 3758 1769 3836 lepra
1794 3759 1919 3818 eius
1944 3787 1957 3800 -

1328 3849 1435 3910 *Et
1455 3853 1531 3910 ait
1548 3851 1629 3909 illi
1654 3852 1744 3911 ihs
1768 3876 1782 3891 ·
1824 3854 1959 3914 uide
1984 3879 1996 3891 ·

1326 3946 1548 4004 nemini
1577 3946 1786 4005 dixeris
1810 3974 1823 3988 ·

1324 4039 1429 4100 sed
1448 4041 1672 4099 uadens
1694 4050 1865 4101 osten

1323 4134 1396 4194 de
1425 4145 1481 4193 te
1510 4135 1801 4195 sacerdoti
1818 4163 1831 4176 ·

1320 4227 1399 4287 Et
1430 4229 1579 4288 offer
1612 4247 1827 4290 munus
1846 4257 1859 4272 ·

1319 4323 1481 4402 quod
1508 4324 1767 4402 precepit

2175 531 2414 590 moyses
2441 514 2502 575 in
2535 516 2666 576 testi

2171 607 2437 667 monium
2464 609 2574 669 illis
2597 642 2610 655 ·
2633 642 2646 655 ·

2168 700 2342 761 ⁶Post
2369 701 2478 762 hec
2506 714 2700 763 autem
2729 712 2806 764 cil

2164 795 2456 857 introisset
2483 816 2556 857 ca

2162 905 2447 964 pernaum
2479 916 2491 931 ·
2553 909 2626 951 ac

2162 982 2308 1041 cesit
2335 983 2410 1042 ad
2441 1002 2576 1043 eum
2609 986 2712 1063 qui

2161 1075 2300 1134 dam
2328 1079 2588 1137 centurio
2608 1106 2622 1120 ·

2156 1186 2377 1245 rogans
2400 1190 2536 1231 eum
2564 1183 2625 1232 et

2160 1262 2400 1322 dicens·
2461 1266 2643 1326 ‘dfie·
2704 1286 2784 1347 pu

2158 1375 2222 1415 er
2251 1375 2416 1419 meus
2445 1360 2595 1421 iacet

2157 1449 2220 1508 in
2249 1450 2432 1511 domo
2461 1454 2662 1533 paraly

2157 1543 2309 1604 ticus
2381 1556 2440 1605 et
2469 1548 2619 1607 male

2158 1646 2456 1714 torquetur
2477 1668 2491 1681 ·
2557 1643 2670 1702 '‘ait

2156 1730 2237 1788 illi
2266 1732 2388 1792 ihs·
2449 1752 2563 1811 ego
2588 1736 2728 1795 ueni

2156 1842 2255 1883 am
2284 1836 2343 1885 et
2371 1830 2588 1889 curabo
2617 1840 2734 1889 eu*
2757 1858 2774 1873 ·

2154 1917 2262 1977 εἘἴ
2290 1922 2653 1997 respondens
2681 1940 2793 1984 cen

2154 2014 2304 2073 turio
2333 2014 2410 2073 ait
2433 2040 2448 2055 ·
2500 2016 2614 2075 dr'1e
2639 2050 2652 2063 ·

2152 2124 2277 2165 non
2307 2124 2438 2165 sum
2465 2108 2678 2186 dignus

2150 2210 2215 2259 ut
2242 2201 2420 2261 intres
2448 2204 2558 2262 sub
2585 2213 2675 2264 tec

2150 2302 2275 2354 tum
2303 2312 2503 2356 meum
2525 2323 2539 2338 ·
2600 2297 2718 2358 Sed

2148 2531 2374 2584 tantum
2402 2524 2494 2584 dic
2523 2544 2626 2584 uer

2148 2615 2229 2676 bo
2313 2627 2371 2677 et
2399 2619 2694 2678 sanabitur

2150 2728 2295 2786 puer
2322 2729 2486 2770 meus
2511 2738 2524 2752 ·
2554 2745 2637 2756 —

2147 2803 2340 2862 ⁹Nam
2367 2817 2426 2864 et
2451 2823 2564 2882 ego
2591 2806 2773 2868 homo

2149 2914 2280 2956 sum
2302 2923 2316 2937 ·
2380 2900 2488 2957 sub
2521 2911 2688 2976 potes

2148 3001 2264 3050 tate
2293 2992 2543 3052 constitu

2147 3095 2240 3144 tus
2323 3086 2548 3146 habens
2575 3089 2684 3146 sub

2146 3197 2242 3236 me
2269 3179 2482 3240 milites
2505 3208 2518 3221 ·
2582 3193 2638 3241 et
2666 3182 2727 3241 di

2142 3291 2216 3332 co
2237 3272 2370 3333 huic
2400 3275 2550 3334 uade
2580 3286 2638 3336 et

2140 3367 2301 3425 uadit
2359 3379 2419 3428 et
2445 3369 2540 3428 alii
2567 3387 2642 3430 ue

2138 3462 2202 3519 ni
2249 3472 2309 3521 et
2333 3464 2495 3522 uenit
2517 3487 2530 3502 ·
2595 3473 2653 3523 et
2683 3482 2776 3524 ser

2134 3574 2214 3615 uo
2243 3574 2378 3616 meo
2408 3557 2498 3617 fac
2526 3557 2644 3618 hoc

2134 3659 2194 3710 et
2219 3649 2358 3710 facit
2376 3683 2390 3697 ·
2415 3681 2429 3698 ·
2489 3649 2698 3710 ¹⁰Audi

2132 3762 2240 3803 ens
2267 3755 2465 3805 autem
2494 3745 2584 3804 ihs
2612 3745 2692 3802 mi

2130 3847 2291 3897 ratus
2325 3849 2414 3898 est
2431 3864 2444 3877 ·
2509 3847 2569 3897 et
2597 3856 2660 3897 se

2130 3932 2442 4008 quentibus
2471 3951 2531 3992 se
2560 3931 2703 3992 dixit
2723 3959 2739 3975 ·

2130 4028 2326 4086 Amen
2351 4027 2486 4086 dico
2513 4027 2682 4086 uobis

2127 4121 2192 4179 in
2220 4121 2444 4180 nullum
2471 4126 2634 4180 tantfl

2130 4216 2308 4275 fidem
2337 4216 2535 4274 inueni
2559 4215 2621 4274 in

2929 518 3072 589 qfim
3100 512 3264 573 multi
3292 515 3369 573 ab
3396 532 3436 573 o

2924 608 3107 666 riente
3136 618 3194 667 et
3219 609 3351 667 occi

2923 701 3095 761 dente
3125 703 3360 763 uenient

2923 804 2983 853 et
3007 798 3348 855 recumbent
3367 822 3380 838 ·

2923 906 3060 948 cum
3088 889 3366 949 abraham
3391 900 3452 951 et

2921 981 3076 1041 isaac
3154 994 3212 1044 et
3239 984 3408 1044 iacob
3433 986 3498 1045 in

2919 1093 3104 1152 regno
3132 1078 3429 1137 caelorum
3450 1104 3464 1119 ·

2919 1166 3018 1226 ¹²F
3021 1171 3096 1228 ilii
3123 1180 3318 1230 autem
3345 1174 3512 1249 regni

2913 1262 3078 1323 ibunt
3103 1266 3166 1322 in
3193 1269 3464 1325 tenebras

2916 1360 3226 1418 exteriores
3247 1390 3260 1405 ·
3321 1361 3401 1419 ibi

2917 1451 3021 1509 erit
3049 1452 3218 1511 fletus
3245 1462 3303 1512 et
3331 1456 3433 1513 stri

2916 1544 3023 1603 dor
3050 1545 3311 1605 dentium
3333 1572 3346 1588 ·
3371 1572 3386 1588 ·

2915 1637 3044 1697 ¹³Et
3076 1639 3221 1698 dixit
3253 1641 3343 1701 ihs
3371 1652 3546 1702 centu

2913 1731 3062 1791 rioni
3140 1731 3310 1794 Uade
3392 1737 3442 1795 si

2913 1836 3010 1885 cut
3038 1828 3324 1888 credidisti
3353 1828 3456 1889 fiat

2911 1920 3016 1978 tibi
3047 1947 3059 1961 ·
3126 1932 3184 1979 et
3213 1934 3418 1983 sanatu
3444 1933 3535 1984 est

2910 2032 3056 2091 puer
3089 2034 3162 2074 ex
3195 2016 3291 2075 illa
3317 2016 3464 2077 hora
3487 2044 3502 2059 ·

2908 2108 3074 2170 †¹⁴Et
3083 2128 3218 2169 cum
3227 2112 3605 2173 uenissetihs·

2904 2202 2966 2260 in
2996 2203 3240 2263 domum
3270 2206 3416 2283 petri

2907 2295 3055 2356 uidit
3081 2316 3318 2358 socrum
3343 2300 3470 2359 eius

2907 2522 3197 2583 iacentem
3224 2535 3282 2585 et
3311 2526 3367 2586 fe

2904 2617 3268 2678 bricitantem
3309 2621 3353 2654 ¹⁶
3362 2631 3420 2680 et

2904 2711 3090 2788 tetigit
3117 2731 3357 2772 manum
3384 2715 3508 2775 eius

2906 2814 2965 2863 et
2992 2805 3207 2866 remisit
3233 2825 3367 2866 eam
3393 2808 3450 2869 fe

2901 2898 3022 2956 bris
3089 2907 3148 2957 et
3175 2903 3420 2961 surrexit

2901 3001 2959 3050 et
2986 2993 3347 3054 ministrabat
3373 2999 3426 3055 ei
3447 3023 3461 3038 ·

2900 3084 3214 3164 ¹⁶Uespere
3243 3100 3438 3150 autem
3466 3090 3560 3153 fac

2901 3191 2961 3239 to
2987 3213 2999 3226 ·
3065 3184 3394 3258 optulerunt

2896 3274 2974 3332 illi
3003 3275 3381 3339 demoniacos

2898 3369 3111 3428 multos
3189 3370 3266 3429 Et
3291 3373 3435 3433 eicie

2896 3463 2999 3520 bat
3027 3467 3126 3539 sps
3155 3465 3473 3527 inmundos

2894 3555 2958 3615 in
2982 3558 3136 3618 uebo
3209 3558 3286 3618 Et
3313 3579 3522 3623 omnes

2896 3651 3050 3710 male
3078 3651 3362 3713 habentes

2896 3746 3150 3804 curauit·
3217 3746 3353 3807 ”Ut
3380 3750 3458 3810 ad

2891 3838 3224 3916 impleretur
3259 3844 3420 3920 quod

2889 3933 3112 3993 dictum
3139 3946 3263 3995 est·
3308 3957 3414 4014 per

2887 4026 3106 4086 esaiam
3134 4029 3410 4108 profeta·-

2888 4121 3181 4182 dicentem
3200 4151 3214 4166 ·
3274 4127 3416 4204 quia

2888 4215 3012 4294 ipse
3042 4217 3402 4279 infirmitates

2128 4310 2235 4369 isi·
2298 4309 2505 4370 ¹¹Dic0
2533 4321 2730 4370 autem
2760 4329 2840 4373 uo
2889 4321 3120 4370 nostras
3149 4315 3372 4390 accepit

2662 4406 2756 4463 bis

3079 4518 3112 4560 C

3658 532 3783 587 1¹01.
3805 534 3892 587 17.
