4373 5048
641 2839 772 2900 2¹Et
800 2860 1046 2917 surgens
1073 2860 1213 2902 acce

640 2935 724 3013 pit
750 2954 995 3012 puerum
1024 2946 1083 2996 et

639 3040 886 3089 matrem
913 3031 1037 3089 eius

639 3134 697 3185 et
724 3127 886 3184 uenit
911 3126 972 3183 in
1000 3137 1191 3185 terra*

638 3218 708 3278 isl
729 3251 742 3264 ·
801 3220 1118 3279 ”Audiens

637 3324 832 3374 autem
861 3314 1016 3391 quod
1044 3332 1108 3373 ar

641 3408 876 3467 chelaus
905 3426 1086 3485 regna

637 3513 725 3563 ret
751 3504 811 3561 in
844 3502 1015 3562 iudea

636 3615 747 3676 pro
782 3596 1000 3656 herode
1029 3616 1107 3674 pa

636 3702 720 3751 tre
751 3710 860 3751 suo
888 3692 1075 3750 timuit

634 3786 768 3846 illuc
795 3787 877 3845 ire
901 3816 914 3830 ·
979 3786 1078 3846 Ad

638 3882 898 3940 monitus
926 3886 1058 3939 aute

635 3977 697 4036 in
727 3976 950 4035 somnis
968 4002 981 4015 ·
1041 3974 1134 4035 Re

636 4072 809 4132 cessit
835 4072 896 4129 in
923 4071 1099 4147 partis

636 4162 915 4245 galileae}
959 4164 1070 4223 ”et
1097 4183 1169 4223 ue

636 4260 806 4319 niens
833 4256 1114 4319 habitauit
1131 4264 1168 4323 †

1392 2840 1530 2901 on
1561 2840 1864 2900 clamantis

1391 2936 1453 2993 in
1480 2935 1710 2994 deserto
1779 2952 1859 3009 pa

1389 3039 1510 3088 rate
1537 3030 1694 3087 uiam
1723 3028 1823 3087 dr‘u
1847 3053 1858 3066 ·

1389 3134 1577 3184 rectas
1604 3122 1776 3182 facite

1391 3220 1625 3277 semitas
1657 3219 1814 3277 eius·

1388 3310 1556 3392 ⁴Ipse
1584 3324 1778 3373 autem
1807 3311 1864 3370 io

1389 3406 1614 3466 hannes
1641 3407 1842 3466 habuit

1386 3503 1661 3561 uestitum
1696 3514 1847 3561 suu*
1869 3529 1882 3541 ·

1390 3597 1462 3656 de
1485 3597 1616 3673 pilis
1644 3596 1852 3655 cameli
1878 3622 1889 3635 ·

1387 3701 1444 3749 et
1473 3708 1626 3749 zona
1650 3690 1880 3767 pellicia

1390 3802 1565 3861 super
1591 3784 1826 3843 lumbos

1388 3880 1512 3937 eius
1536 3904 1549 3917 ·
1607 3896 1741 3937 esca
1767 3882 1902 3936 aute

1387 3972 1512 4031 eius
1539 3981 1660 4030 erat
1687 3972 1852 4031 locus

1384 4076 1476 4125 tae
1503 4076 1562 4125 et
1589 4066 1705 4124 mel
1734 4066 1905 4127 silues

1386 4170 1507 4219 tre·
1551 4160 1729 4220 ¹’tunc
1755 4162 1883 4220 exsi

1385 4255 1560 4314 ebant
1585 4253 1661 4313 ad
1688 4272 1825 4315 eum

2197 2834 2455 2894 dicentes
2482 2835 2632 2893 intra

2194 2946 2305 2988 uos
2328 2960 2341 2975 ·
2404 2938 2627 3006 patrem

2192 3022 2476 3083 habemus
2504 3025 2646 3082 abra

2191 3118 2330 3177 ham
2352 3148 2365 3164 ·
2427 3118 2562 3177 dico
2592 3125 2687 3176 eni

2192 3213 2362 3272 uobis
2384 3218 2526 3289 qiim
2554 3230 2635 3288 po

2193 3315 2323 3365 tens
2348 3316 2437 3366 est
2466 3307 2535 3365 ds
2604 3324 2679 3364 ex

2192 3398 2476 3478 lapidibus
2506 3400 2627 3459 istis
2652 3432 2664 3445 ·

2192 3496 2465 3554 suscitare
2498 3493 2647 3553 filios

2191 3589 2362 3649 abrae
2382 3613 2395 3628 ·
2454 3586 2639 3646 ¹⁰Iam

2190 3684 2348 3741 enim
2382 3683 2599 3741 securis

2189 3778 2264 3837 ad
2293 3777 2515 3837 radices
2542 3777 2686 3834 arbo

2185 3891 2315 3931 rum
2343 3870 2533 3948 posita
2558 3881 2646 3930 est
2666 3901 2681 3917 ·

2188 3967 2401 4029 Omnis
2430 3985 2573 4043 ergo
2602 3984 2667 4025 ar

2186 4065 2296 4123 bor
2364 4082 2513 4141 quae
2542 4080 2666 4121 non

2184 4158 2321 4219 facit
2346 4158 2595 4218 fructum

2184 4252 2409 4312 bonum
2433 4252 2729 4313 excidetur

666 383 732 432 11.
763 384 964 445 17—111.
996 379 1106 444 15.]
1885 374 2021 433 MA
2038 364 2383 434 TTHEU·
3644 399 3681 463 3

411 546 536 595 ποι.
559 547 612 598 5.
662 543 678 573 ‘
703 541 812 600 Per
839 541 1178 601 hieremiam
1417 542 1490 600 In
1519 542 1813 602 ciuitatem
2220 543 2634 622 Hierosolyma
2656 571 2667 583 ·
2978 546 3057 607 Et
3084 545 3145 606 in
3172 547 3372 625 ignem
3400 549 3506 608 mit
3728 553 3856 604 1¹01,
3880 557 3935 606 Θ.

661 639 678 668 ‘
701 635 990 712 profetam
1018 636 1079 695 di
1414 654 1568 713 quae
1596 646 1836 695 uocatur
2219 648 2276 696 et
2305 639 2499 696 omnis
2533 639 2707 697 iudea
2975 650 3125 699 tetur
3148 668 3159 681 ·
3222 640 3408 718 ¹¹Ego

659 734 676 760 ‘
698 741 927 788 centem
950 755 963 768 ·
1029 728 1200 789 ¹⁸uox
1414 730 1684 806 nazareth
1706 761 1719 774 ·
1777 741 1842 790 ut
2216 742 2275 790 et
2303 733 2473 792 01¹1nis
2500 733 2753 810 regionis
2975 734 3211 811 quidem
3238 737 3403 815 bapti

662 827 677 855 ‘
699 825 760 881 in
787 842 952 884 rama
980 825 1116 895 audi
1412 824 1822 901 adimpleretur
2216 826 2512 886 iordannis
2534 866 2547 879 ·
2612 827 2633 859 ⁸
2650 837 2709 886 et
2974 847 3045 888 zo
3073 846 3185 888 uos
3212 831 3273 888 in
3301 832 3475 907 paeni

662 923 756 977 ‘ta
782 927 871 976 est
895 955 908 966 ·
970 918 1140 994 plora
1411 918 1571 995 quod
1600 919 1820 978 dictum
2215 918 2653 996 baptizabantur
2972 924 3213 981 tentiam
3231 950 3244 963 ·
3305 925 3405 1000 qui

663 1014 679 1041 ‘
701 1020 790 1070 tus
819 1022 876 1071 et
903 1011 1152 1071 ululatus
1409 1022 1498 1070 est
1523 1031 1629 1090 per
1651 1013 1818 1089 profe
2210 1012 2271 1070 in
2298 1014 2584 1075 iordanne
2970 1027 3165 1075 autem
3191 1025 3329 1093 post
3355 1036 3453 1077 me

659 1111 674 1136 ⁴
694 1106 908 1166 multus
932 1134 945 1147 ·
1011 1125 1076 1166 ra
1408 1115 1496 1166 tas
1519 1134 1532 1147 ·
1598 1109 1733 1184 quia
1759 1126 1907 1167 nazo
2208 1106 2389 1168 fluuio
2415 1111 2490 1169 ab
2516 1110 2645 1170 illo·
2968 1112 3132 1170 uenit
3152 1111 3353 1172 fortior

655 1205 672 1232 ⁸
694 1200 821 1260 chel
848 1217 1093 1277 prorans
1121 1199 1160 1257 fi
1405 1218 1538 1259 reus
1569 1201 1781 1261 uocabi
2209 1203 2551 1262 confitentes
2579 1223 2688 1281 pec
2968 1221 3063 1263 me
3091 1215 3180 1264 est
3198 1234 3211 1249 ·
3269 1206 3433 1266 cuius

655 1294 798 1354 ‘lios
827 1312 1002 1354 suos·
1068 1305 1125 1354 et
1153 1313 1232 1354 no
1405 1305 1496 1353 tur
1519 1322 1532 1335 ·
1563 1321 1646 1348 ω
1713 1321 1796 1347 m
1862 1322 1945 1348 m
2207 1304 2337 1354 cata
2364 1315 2469 1356 sua
2490 1324 2503 1338 ·
2558 1297 2668 1356 ⁷Ui
2968 1315 3092 1356 non
3120 1316 3253 1357 sum
3282 1300 3496 1376 dignus

654 1389 794 1447 ‘luit
821 1388 1109 1448 consolan'
1406 1414 1489 1440 m
1563 1415 1646 1442 ω
1714 1416 1796 1442 ω
1862 1416 1945 1443 ψ,
2208 1390 2353 1450 dens
2381 1401 2573 1450 autem
2601 1392 2724 1451 mul
2965 1391 3348 1452 calciamenta

654 1486 670 1514 ‘
690 1484 826 1558 quia
852 1500 978 1541 non
1006 1495 1142 1542 sunt
1165 1509 1178 1522 ·
1350 1480 1382 1514 *
1403 1489 1459 1544 3.
1505 1483 1605 1542 ¹In
1634 1481 1739 1543 illis
1766 1484 2003 1544 diebus·
2208 1493 2300 1545 tos
2330 1484 2672 1545 sariseoru'·
2967 1495 3197 1563 portare
3222 1517 3235 1530 ·
3290 1487 3419 1564 ipse

651 1576 997 1636 ¹⁹Defuncto
1026 1585 1223 1635 autem
1351 1574 1381 1607 *
1401 1577 1561 1637 uenit
1588 1577 1764 1637 iohan
2206 1588 2265 1636 et
2293 1578 2659 1639 sadduceoru
2972 1597 3081 1638 uos
3114 1580 3429 1657 baptizauit

652 1669 872 1730 herode
895 1702 909 1716 ·
972 1670 1132 1729 Ecce
1265 1749 1272 1756 =
1353 1673 1386 1708 *
1405 1689 1510 1730 nes
1541 1673 1791 1748 baptista
1815 1704 1826 1717 ·
2202 1673 2535 1743 uenienaetes
2568 1673 2645 1733 ad
2967 1673 3029 1732 in
3058 1679 3168 1749 spu
3198 1681 3301 1734 sco
3329 1683 3387 1733 et
3414 1675 3475 1754 ig

652 1765 894 1841 angelus
923 1765 1023 1824 dfii
1052 1783 1129 1842 ap
1353 1763 1383 1796 *
1402 1763 1425 1796 ¹
1443 1766 1753 1844 predicans
1780 1767 1840 1824 in
2205 1767 2558 1842 baptismum
2585 1786 2655 1826 su
2966 1768 3061 1826 ni·
3118 1765 3163 1801 ¹²
3175 1767 3423 1828 Habens

652 1859 838 1936 paruit
864 1860 924 1917 in
953 1877 1080 1919 som
1355 1857 1385 1890 *
1405 1861 1636 1920 deserto
1663 1860 1795 1919 iude
2204 1863 2308 1906 um
2328 1875 2341 1888 ·
2408 1849 2550 1908 dixit
2578 1852 2662 1908 eis
2686 1881 2699 1896 ·
2966 1862 3352 1922 uentilabrum

651 1955 742 2013 nis
768 1952 972 2030 ioseph
1001 1954 1060 2011 in
1089 1973 1158 2012 ae
1355 1951 1385 1984 *
1405 1973 1505 2014 ae·
1573 1956 1803 2015 dicens·
1865 1971 1939 2030 pe
2206 1941 2523 2018 Progenies
2550 1944 2685 2020 nipe
2963 1955 3025 2014 in
3059 1974 3239 2016 manu
3268 1977 3375 2016 sua
3404 1985 3417 1998 ·

650 2059 832 2126 gypto
858 2049 1113 2108 ²⁰dicens
1137 2075 1150 2088 ·
1353 2047 1383 2080 *
1403 2050 1702 2108 nitentiam
1728 2050 1825 2126 agi
2204 2053 2397 2094 rasum
2418 2062 2431 2075 '
2493 2039 2625 2114 <inis
2962 2048 3039 2109 Et
3059 2052 3470 2127 permundabit

654 2143 838 2220 Surge
868 2145 1068 2220 accipe
1097 2161 1177 2220 pu
1353 2141 1459 2203 *te
1517 2144 1808 2221 adpropin
2203 2130 2455 2190 ostendit
2481 2133 2648 2192 uobis
2959 2162 3157 2203 aream
3186 2163 3353 2205 suam
3378 2174 3391 2187 ·
3436 2135 3445 2144 ’

645 2257 811 2298 erum
838 2248 898 2298 et
923 2243 1069 2296 mtre
1395 2240 1594 2315 quauit
1620 2238 1775 2298 enim
2204 2225 2402 2302 fugere
2431 2229 2507 2284 ab
2533 2228 2617 2286 ira
2959 2237 3037 2297 Et
3065 2242 3450 2318 congregabit

647 2333 770 2391 eius
798 2341 855 2390 et
882 2333 1032 2391 uade
1063 2333 1122 2390 in
1397 2351 1642 2410 regnum
1669 2331 1866 2391 celorfi
2199 2317 2387 2378 sutura
2411 2347 2423 2360 ·
2488 2319 2685 2380 ⁸saCite
2960 2335 3213 2393 triticum
3234 2335 3294 2392 in
3321 2335 3431 2394 hor

644 2472 856 2523 terram
884 2464 952 2522 isl
975 2489 988 2502 ·
1053 2482 1185 2523 mor
1395 2463 1546 2521 ³Hic
1575 2473 1663 2521 est
1691 2463 1848 2521 enim
1876 2461 1976 2538 qui
2199 2471 2342 2529 ergo
2370 2450 2621 2512 fructum
2958 2484 3123 2527 reum
3143 2497 3157 2512 ·
3214 2467 3415 2545 paleas

646 2560 727 2616 tui
757 2568 890 2617 sunt
918 2559 1071 2617 enim
1103 2561 1204 2635 qui
1398 2559 1586 2619 dictus
1615 2568 1702 2617 est
1726 2584 1739 2598 ·
1803 2576 1907 2633 per
2198 2552 2442 2628 dignum
2465 2552 2741 2628 paeniten
2958 2570 3153 2621 autem
3183 2565 3382 2621 conbu

648 2654 970 2730 querebant
996 2654 1092 2711 ani
1395 2654 1615 2712 esaiam
1643 2650 1808 2729 profe
2198 2646 2311 2704 tiae
2330 2672 2343 2685 ·
2404 2645 2493 2706 ⁹et
2522 2646 2697 2706 nolite
2955 2666 3041 2715 ret
3070 2656 3190 2731 igni
3219 2656 3355 2717 inex

641 2764 801 2806 mam
829 2747 1022 2824 pueri·
1395 2757 1515 2805 tam
1543 2745 1834 2805 dicentem
1858 2770 1871 2784 ·
2196 2740 2447 2816 preferre
2468 2758 2577 2800 uos
2950 2750 3235 2826 tinguibili
3263 2777 3345 2809 ses
3480 2802 3491 2815 .
3564 2781 3653 2830 dni

2903 2854 2986 2880 m
3021 2842 3131 2907 lege
3150 2842 3199 2891 in
3216 2858 3351 2907 appa
3368 2844 3598 2896 titionem
3633 2860 3716 2888 Φ

2900 2921 2930 2954 *
2951 2922 3183 2981 1³Tunc
3215 2924 3373 2983 uenit
3401 2925 3493 2985 ihs

2898 3014 2927 3050 ¹⁸¹
2948 3035 2985 3075 a
3011 3016 3221 3093 galilea
3248 3017 3323 3075 ad
3356 3018 3445 3076 ior

2900 3109 2931 3143 *
2952 3111 3185 3170 dannen
3213 3110 3289 3168 ad
3314 3111 3374 3170 io

2898 3204 2926 3237 *
2950 3205 3206 3263 hannem
3227 3232 3239 3244 ·
3298 3215 3362 3264 ut

2892 3301 2923 3335 *
2946 3299 3328 3375 baptizaretur

2889 3395 2920 3429 *
2942 3394 3019 3452 ab
3046 3410 3120 3452 eo
3145 3420 3157 3433 ·
3216 3392 3328 3451 ¹⁴et
3355 3412 3463 3470 pro

2940 3488 3137 3548 ibebat
3164 3505 3301 3547 eum
3328 3488 3386 3546 io

2940 3582 3167 3642 hannes
3195 3581 3396 3641 dicens
3419 3612 3433 3627 ·

2940 3676 3074 3754 Ego
3105 3696 3140 3735 a
3167 3687 3224 3736 te
3253 3676 3441 3737 debeo
3471 3678 3587 3757 bap

2939 3772 3099 3830 tizari
3126 3781 3184 3831 et
3212 3781 3323 3831 tue.

2934 3866 3027 3925 nis
3053 3865 3130 3925 ad
3157 3883 3253 3924 me
3277 3898 3289 3912 ·
3317 3899 3328 3912 ·
3365 3899 3378 3913 ·

2934 3958 2980 3992 ¹⁸
2990 3959 3388 4038 Respondens
3416 3979 3494 4020 au

2938 4064 3059 4115 tem
3086 4055 3177 4115 ihs
3204 4054 3347 4114 dixit
3374 4056 3429 4115 ei
3453 4081 3465 4094 ·

2939 4148 3081 4210 Sine
3106 4150 3290 4210 modo
3311 4175 3324 4190 ·
3382 4151 3467 4209 sic

2933 4246 3093 4305 enim
3119 4244 3287 4305 decet
3314 4261 3425 4305 nos
