4373 5048
791 359 915 427 130

490 525 616 573 ποι.
636 524 763 574 190.
785 516 832 551 ²⁶
849 516 921 575 de
949 513 1192 573 mortuis
1219 521 1400 571 aute·-

786 609 947 687 quod
974 615 1280 683 resurgunt

788 722 912 763 non
953 702 1170 778 legistis
1197 701 1259 758 in
1285 699 1328 757 li

788 798 898 856 bro
926 795 1117 873 moysi
1145 793 1206 851 in
1233 810 1300 851 ru

789 893 868 950 bo
891 922 905 937 ·
977 889 1124 948 sicut
1151 887 1294 945 dixit
1321 886 1360 943 il

789 986 828 1043 li
857 984 926 1043 ds
953 984 1153 1043 dicens
1173 1014 1186 1029 ·
1257 998 1372 1057 ego

789 1097 919 1138 sum
947 1078 1015 1137 ds
1043 1075 1321 1135 abraham

789 1184 848 1232 et
874 1173 943 1231 ds
970 1173 1126 1231 isaac
1153 1200 1166 1215 ·
1209 1178 1266 1227 et
1295 1167 1364 1227 ds

792 1266 964 1325 iacob
984 1296 997 1311 ·
1062 1262 1106 1296 ²⁷
1125 1281 1246 1322 non
1273 1271 1361 1321 est

789 1362 859 1419 ds
885 1370 1246 1419 mortuorum

791 1451 887 1513 sed
914 1453 983 1511 ds
1013 1453 1282 1510 uiuorum

792 1546 922 1607 Uos
949 1565 1092 1623 ergo
1119 1544 1306 1602 multii

793 1642 984 1701 erratis
1003 1672 1017 1687 ·
1041 1672 1052 1686 ·
1075 1670 1090 1685 ·
1134 1636 1270 1697 ”Et
1298 1654 1469 1695 acces

793 1736 866 1795 sit
892 1752 1042 1794 unus
1071 1733 1143 1792 de
1171 1732 1285 1791 scri

791 1830 882 1889 bis
910 1829 1008 1905 qui
1035 1826 1294 1886 audierat

791 1922 922 1981 illos
950 1919 1272 1996 conquiren

791 2026 911 2076 tes·
973 2023 1029 2073 et
1055 2012 1262 2071 uidens

792 2115 936 2188 qiim
965 2109 1112 2167 bene
1141 2104 1251 2165 illis

791 2200 1119 2279 respondit·
1190 2201 1336 2257 inter

792 2296 1022 2373 rogauit
1047 2312 1184 2353 eum

793 2426 958 2505 quod
983 2435 1071 2485 est
1098 2443 1312 2503 precep

794 2533 917 2582 tum
944 2521 1227 2598 primum·

793 2614 838 2650 ²⁹
857 2614 1246 2692 Respondeas
1274 2616 1407 2672 aute

793 2710 882 2770 ihs
910 2710 1053 2768 dixit
1080 2707 1154 2767 ad
1181 2724 1318 2766 eum

797 2802 1082 2864 Omnium
1111 2801 1368 2879 primum

794 2896 1137 2956 mandatum
1219 2893 1353 2954 audi

795 2992 866 3050 isi
933 2991 1044 3050 (ἰῆς
1072 2990 1141 3049 ds
1169 2999 1367 3049 noster

796 3084 908 3144 dfis
934 3103 1087 3143 unus
1115 3093 1203 3142 est
1222 3115 1235 3130 ·
1291 3081 1338 3115 ⁸⁰
1352 3091 1410 3142 et
1437 3081 1498 3141 di

795 3179 942 3252 liges
970 3179 1112 3236 dfim
1141 3177 1241 3235 dm
1269 3182 1374 3235 tuii

795 3289 869 3330 ex
898 3280 1025 3330 toto
1053 3271 1229 3329 corde
1257 3279 1358 3330 tuo
1383 3299 1442 3316 ·-

796 3375 855 3423 et
874 3383 948 3422 ex
970 3373 1092 3424 tota
1110 3363 1305 3423 anima
1323 3373 1499 3422 tua·-

718 3459 772 3504 0¹=
795 3476 868 3518 ex
890 3467 1015 3518 toto
1045 3475 1221 3518 senso
1249 3467 1350 3517 tuo
1372 3488 1434 3503 ·-

797 3561 855 3611 et
875 3571 949 3610 ex
973 3562 1096 3611 tota
1115 3552 1321 3611 uirtute

796 3655 898 3704 tua
922 3678 935 3693 ·
1007 3644 1123 3704 hoc
1151 3655 1240 3704 est
1267 3645 1356 3722 pri

797 3757 962 3798 mum
991 3748 1328 3816 preceptum

795 3831 838 3865 ³¹
856 3832 934 3891 Et
961 3833 1280 3891 secundum
1319 3833 1500 3895 simile

796 3926 931 3985 huic
950 3957 965 3972 ·
1051 3926 1256 4004 diliges
1283 3930 1453 4004 proxi

796 4038 960 4079 mum
987 4029 1150 4078 tuum
1175 4031 1460 4099 tamqua*

795 4115 1047 4191 teipsum
1130 4114 1320 4175 maius

795 4208 1004 4268 horum
1029 4208 1186 4269 aliud

2155 337 2362 400 SEC·
2388 368 2405 387 ·

1539 517 1878 587 preceptum
1905 527 2028 570 non
2057 518 2144 569 est
2161 540 2174 557 ·

1540 602 1584 637 ⁸²
1599 603 1674 662 Et
1693 605 1771 663 ait
1788 604 1867 662 illi
1883 605 2072 663 scriba
2091 635 2104 649 ·
2134 604 2211 663 be

1539 716 1612 756 ne
1644 697 1836 757 dixisti
1861 699 2136 775 magister

1539 792 1602 852 in
1627 794 1865 851 ueritate
1935 791 2095 869 quod

1538 902 1692 943 unus
1720 886 1792 944 sit
1819 886 1888 943 ds
1913 916 1926 931 ·
1999 903 2108 943 nec
2137 884 2211 945 sit

1541 978 1684 1039 alius
1711 988 1898 1057 preter
1925 978 2089 1037 illum

1541 1073 1583 1105 ²³
1603 1083 1660 1131 et
1689 1074 1768 1131 ita
1795 1071 2123 1149 diligendus

1537 1186 1611 1227 ex
1643 1176 1766 1226 toto
1795 1167 1972 1227 corde
2039 1177 2096 1225 et
2123 1184 2198 1225 ex

1539 1262 1704 1321 omni
1732 1262 1939 1321 uirtute
1964 1294 1978 1307 ·
2037 1270 2096 1319 et
2121 1279 2197 1319 ex

1539 1356 1816 1415 omnibus
1841 1355 2058 1414 uiribus

1539 1459 1597 1508 et
1625 1468 1698 1508 ex
1727 1458 1852 1509 tota
1877 1450 2074 1507 anima
2101 1466 2238 1507 sua-

1541 1542 1620 1602 Et
1645 1543 1877 1619 diligere
1907 1542 2178 1619 proximu

1538 1648 1844 1714 tamquam
1871 1638 2114 1713 seipsu-

1540 1730 1656 1791 hoc
1685 1732 1876 1791 maius
1905 1740 1993 1790 est
2020 1729 2184 1788 omni

1542 1827 1653 1884 bus
1679 1824 2040 1884 holocaustis

1543 1928 1600 1977 et
1627 1917 1880 1977 uictimis
1899 1950 1912 1964 ·
1957 1916 2000 1951 ⁸⁴
2020 1916 2100 1976 Et
2127 1916 2217 1975 ihs

1543 2012 1752 2071 uidens
1779 2010 1941 2088 quod
1969 2028 2078 2089 pru

1543 2106 1746 2165 denter
1773 2105 1880 2164 sibi
1911 2122 2122 2182 respon

1545 2200 1723 2259 disset
1745 2230 1760 2246 ·
1823 2196 1970 2259 dixit
1989 2230 2002 2245 ·
2075 2216 2197 2257 non

1545 2294 1719 2371 longe
1746 2312 1811 2354 es
1839 2315 1874 2356 a
1901 2311 2086 2371 regno
2115 2292 2178 2353 di

1546 2424 1624 2485 Et
1650 2443 1825 2485 nemo
1853 2426 1970 2485 iam
1997 2425 2149 2485 aude

1546 2522 1645 2580 bat
1671 2539 1810 2581 eum
1836 2521 2131 2598 interroga

1544 2633 1608 2674 re
1637 2617 1959 2694 quidquam
1978 2647 1991 2661 ·
2017 2647 2130 2661 ·—

1545 2709 1590 2743 ⁸⁶
1605 2707 1684 2768 Et
1710 2708 2073 2786 respondens
2101 2709 2192 2768 ihs

1545 2803 1769 2864 docens
1797 2803 1858 2862 in
1887 2801 2108 2879 templo

1545 2898 1691 2957 dixit
1772 2895 2076 2974 quomodo

1543 2991 1746 3052 dicunt
1772 2991 1993 3051 scribae
2021 2994 2164 3066 xpm

1544 3086 1727 3145 filium
1753 3103 1882 3144 esse
1910 3084 2088 3144 dauid
2105 3115 2120 3130 ·

1545 3179 1738 3256 ⁸⁸Ipse
1765 3179 1924 3238 enim
1951 3178 2131 3238 dauid
2158 3179 2218 3237 in

1545 3279 1658 3349 spu
1685 3278 1790 3332 sco
1819 3273 1965 3332 dixit
2033 3272 2173 3332 dicit

1546 3367 1658 3426 dfis
1684 3367 1806 3427 dfio
1831 3385 1967 3428 meo
1995 3367 2131 3426 sede

1548 3459 1623 3519 ad
1649 3461 1914 3518 dextram
1943 3472 2126 3520 mea-

1548 3554 1738 3613 donec
1767 3570 1990 3631 ponam
2018 3555 2102 3613 ini

1545 3648 1736 3707 micos
1763 3657 1897 3707 tuos
1965 3665 2067 3708 sca

1546 3741 1785 3800 mellum
1812 3741 2030 3819 pedum
2059 3753 2120 3802 tu

1546 3853 1717 3895 orum
1736 3867 1749 3882 ·
1835 3836 1880 3870 ⁸⁷
1895 3837 2022 3912 ipse
2051 3836 2231 3896 dauid

1547 3929 1685 3987 dicit
1711 3947 1848 3988 eum
1883 3930 2026 3990 dfim
2049 3963 2062 3978 ·
2141 3930 2220 3990 Et

1547 4023 1702 4081 unde
1729 4033 1818 4083 est
1844 4024 1996 4083 filius
2022 4024 2148 4084 eius

1544 4114 1622 4175 Et
1647 4116 1832 4176 multa
1859 4119 2026 4177 turba
2051 4118 2092 4176 li

1543 4209 1744 4269 benter
1769 4228 1906 4270 eum
1933 4212 2101 4272 audie

3302 348 3449 414 [xil.
3472 351 3725 405 26-x111.
3748 362 3793 417 ⁷·

2342 512 2443 569 bat
2463 541 2476 556 ·
2560 509 2606 544 ⁸⁸
2624 509 2702 569 Et
2729 508 2960 569 dicebat
2988 509 3027 568 il
3097 510 3302 569 omnia
3324 529 3477 587 quae
3510 512 3713 573 habuit
3819 526 3944 576 ποι.
3966 529 4095 576 101.

2342 603 2411 663 lis
2442 604 2501 662 in
2536 604 2801 663 doctrina
3096 605 3253 663 misit
3280 615 3468 665 totum
3493 607 3657 666 uictu

2343 715 2449 757 sua
2474 729 2487 745 -
2572 698 2760 757 uidete
2790 714 2827 757 a
2852 697 2969 757 scri
3176 722 3261 751 w·
3288 716 3463 759 suum
3491 725 3574 752 -e-

2342 792 2433 851 bis
2502 792 2604 869 qui
2630 792 2842 851 uolunt
2868 791 2930 849 in
3046 791 3075 824 '⁸'
3094 788 3441 851 13.¹Etcu1n
3460 793 3720 853 exiretde
3738 799 3796 854 te

2344 886 2509 945 stolis
2536 885 2835 944 ambulare
3048 888 3079 921 '⁸
3098 886 3199 963 plo
3222 918 3235 933 ·
3282 888 3361 946 ait
3390 886 3469 945 illi
3498 906 3653 947 unus

2342 990 2400 1039 et
2428 978 2661 1037 salutari
2689 980 2749 1036 in
2778 976 2837 1038 fo

2341 1090 2409 1133 ro
2432 1105 2445 1122 ο

2342 1166 2627 1227 cathedris
2654 1164 2855 1225 sedere

2346 1262 2406 1319 in
2434 1260 2752 1337 synagogis
2771 1291 2784 1306 ·

2344 1356 2406 1413 in
2435 1356 2655 1433 primos
2682 1354 2849 1413 discu

2344 1450 2499 1509 bitos
2526 1450 2587 1507 in
2614 1448 2855 1508 conuiui

2348 1544 2397 1602 is
2416 1575 2429 1589 ·
2515 1544 2562 1577 ⁴⁰
2578 1544 2681 1619 qui
2710 1542 2781 1600 de

2343 1645 2558 1697 uorant
2584 1637 2795 1695 domos
2824 1635 2883 1693 ui

2348 1732 2599 1791 duarum
2628 1738 2687 1789 et
2714 1747 2797 1807 pu

2345 1824 2617 1902 pillorum
2644 1840 2823 1883 occas

2348 1920 2513 1979 sione
2541 1918 2720 1994 longa
2746 1934 2785 1976 o

2346 2022 2542 2071 rantes
2563 2042 2578 2057 ·
2662 2010 2725 2069 hi
2750 2011 2937 2087 accipi

2348 2116 2449 2164 ent
2474 2103 2757 2182 prolixius
2784 2104 2843 2163 iu

2346 2200 2566 2259 dicium
2585 2230 2600 2245 ·
2620 2230 2634 2245 ·
2662 2230 2675 2245 ·
2719 2198 2761 2232 ⁴¹
2778 2196 2857 2257 Et
2884 2215 3001 2257 con

2348 2304 2435 2353 tra
2463 2292 2857 2369 gazofilaciu-

2868 1258 2947 1318 Et

2348 2423 2557 2484 sedens
2582 2424 2673 2483 ihs
2692 2455 2707 2471 ·
2790 2424 3007 2501 aspicie

2348 2520 2447 2579 bat
2475 2517 2779 2598 quomodo
2807 2529 2899 2578 tur

2348 2615 2458 2674 bae
2488 2615 2769 2674 iactarent
2796 2631 2897 2673 aes
2924 2614 2987 2672 in

2346 2707 2752 2784 gazofilacium
2772 2739 2785 2754 ·
2870 2707 2947 2766 Et

2346 2802 2511 2861 multi
2538 2800 2747 2861 diuites
2776 2802 2929 2861 iacta

2346 2896 2489 2954 bant
2514 2895 2697 2954 multa
2716 2927 2730 2942 ·
2758 2927 2771 2942 ·
2828 2893 2874 2929 ‘⁹
2895 2895 3051 2955 Cum

2347 2990 2600 3050 uenisset
2625 2999 2821 3049 autem
2848 3007 2889 3048 u

2346 3102 2425 3144 na
2451 3084 2634 3144 uidua
2659 3085 2816 3144 misit
2842 3103 2977 3143 aera

2346 3177 2468 3238 duo
2550 3177 2713 3255 quod
2739 3188 2828 3238 est
2855 3196 2975 3255 qua

2346 3271 2520 3330 drans
2546 3303 2559 3318 ·
2642 3272 2686 3305 ⁴³
2708 3271 2785 3332 Et
2810 3290 3010 3332 conuo

2348 3382 2491 3425 cans
2520 3365 2843 3443 discipulos
2872 3384 2941 3424 su

2348 3478 2420 3520 os
2446 3461 2525 3518 ait
2552 3459 2666 3518 illis
2687 3492 2701 3506 ·
2786 3460 2980 3519 Amen

2348 3554 2482 3614 dico
2510 3555 2683 3614 uobis
2764 3555 3034 3632 quonia-

2348 3647 2526 3708 uidua
2552 3667 2773 3725 aegena
2798 3648 2907 3707 hec

2348 3741 2481 3820 plus
2507 3743 2783 3801 omnibus
2810 3743 2967 3802 misit

2348 3836 2410 3894 in
2437 3834 2839 3912 gazofilacium
2856 3869 2940 3880 —

2348 3930 2393 3963 ⁴⁴
2409 3947 2547 3988 nam
2575 3947 2783 3989 omnes
2810 3949 2883 3988 ex
2911 3946 2985 3990 eo

2348 4022 2511 4100 quod
2536 4023 2873 4083 abundabat
2901 4025 2941 4082 il

2347 4117 2417 4177 lis
2446 4118 2727 4177 miserunt
2810 4118 2943 4178 Hec

2350 4221 2545 4272 autem
2562 4211 2635 4272 de
2654 4213 2895 4289 penuria
2912 4231 3018 4273 sua
3034 4249 3045 4262 ·

3043 977 3071 1009 *
3094 996 3170 1037 ex
3200 978 3499 1058 discipulis
3526 982 3683 1041 suis·

2529 1072 2575 1106 ⁸⁹
2592 1070 2669 1131 Et
2696 1073 2757 1130 in
2784 1071 2988 1148 primis
3045 1068 3076 1105 *
3094 1073 3367 1150 magister
3448 1075 3645 1151 aspice

3094 1166 3299 1243 quales
3325 1167 3549 1244 lapides
3575 1180 3635 1228 et

3096 1261 3297 1338 quales
3324 1270 3641 1322 structuras

3096 1354 3297 1432 templi
3319 1385 3334 1401 ·
3418 1356 3513 1415 'et
3540 1356 3631 1415 ihs
3657 1372 3749 1415 res

3098 1449 3368 1527 ponderis
3396 1450 3477 1509 ait
3503 1450 3613 1508 illis
3632 1482 3717 1493 —

3099 1543 3307 1602 uidetis
3333 1541 3479 1603 haec
3506 1543 3709 1603 omnia

3098 1654 3315 1713 magna
3343 1636 3607 1697 aedificia
3628 1666 3689 1683 ο·-

3099 1729 3291 1789 Amen
3314 1730 3446 1791 dico
3474 1732 3645 1791 uobis
3672 1749 3799 1790 non

3096 1825 3450 1902 relinquetur
3474 1825 3570 1884 hic
3598 1824 3655 1884 la

3097 1920 3189 1996 pis
3218 1937 3393 1996 super
3418 1919 3673 1997 lapidem

3099 2013 3201 2090 qui
3242 2031 3364 2072 non
3391 2013 3718 2073 destruatur

3098 2106 3345 2167 'Etcum
3362 2108 3583 2167 sederet
3592 2109 3653 2168 in
3662 2119 3799 2169 m⁰n

3098 2210 3217 2260 tem
3242 2202 3441 2261 oliueti
3469 2212 3675 2262 contra

3099 2294 3381 2373 templum
3408 2297 3622 2357 interro

3096 2424 3317 2502 gabant
3342 2444 3481 2497 eum
3508 2444 3638 2489 seor

3098 2538 3232 2579 sum
3256 2553 3269 2567 ·
3314 2530 3513 2599 petrus

3098 2624 3157 2674 et
3184 2615 3429 2676 iacobus
3454 2626 3512 2676 et
3540 2617 3599 2677 io

3099 2707 3326 2768 hannes
3394 2719 3454 2769 et
3480 2710 3659 2771 andre

3098 2821 3165 2862 as
3248 2805 3270 2837 ⁴
3292 2803 3384 2864 dic
3413 2805 3583 2865 nobis
3610 2822 3771 2883 quau

3100 2896 3179 2956 do
3207 2896 3317 2958 hec
3346 2899 3493 2958 fiunt
3570 2910 3630 2959 et

3098 2991 3261 3068 quod
3289 2992 3525 3069 signum
3553 2998 3629 3053 cu

3098 3086 3397 3161 coeperint
3422 3086 3569 3147 haec

3098 3180 3301 3238 omnia
3328 3197 3578 3240 consum

3100 3273 3248 3332 mari
3266 3305 3279 3320 ·
3305 3303 3321 3320 ·
3346 3304 3361 3319 ·
3406 3274 3429 3305 ⁸
3445 3273 3525 3332 Et
3551 3292 3767 3352 respon

3100 3365 3247 3426 dens
3273 3367 3363 3428 ihs
3432 3369 3626 3446 coepit

3100 3459 3291 3521 dicere
3320 3461 3428 3521 illis
3448 3495 3461 3510 ·

3100 3553 3309 3615 Uidete
3340 3575 3415 3616 ne
3443 3559 3577 3634 quis
3604 3576 3717 3619 uos

3098 3649 3338 3710 seducat
3416 3650 3621 3711 ‘multi

3098 3743 3258 3802 enim
3286 3746 3524 3805 uenient

3098 3837 3159 3894 in
3189 3839 3429 3899 nomine
3455 3859 3591 3901 meo

3097 3930 3356 3991 dicentes
3382 3952 3497 4011 ego
3527 3941 3597 3994 εὖ
3620 3967 3635 3982 ·

3096 4037 3157 4084 et
3186 4027 3399 4088 multos
3428 4029 3570 4088 sedu

3098 4131 3237 4182 cent
3256 4154 3304 4170 ··
3333 4154 3346 4167 ·
3402 4123 3425 4156 ⁷
3444 4123 3600 4183 Cum
3626 4129 3761 4185 aute

3102 4215 3393 4276 audieritis
3422 4216 3573 4277 bella
