4373 5048
779 356 904 419 124

471 505 596 557 1¹01.
618 508 740 561 1¹78.
767 518 788 551 ο
805 517 880 576 Et
909 516 1122 577 descen

768 612 1035 671 dentibus
1063 612 1174 672 illis

765 707 842 766 de
870 717 1071 766 monte
1153 724 1258 785 pre

764 802 919 879 cepit
947 802 1057 861 illis
1085 819 1162 860 ne
1191 800 1284 861 cui

761 914 911 973 quae
940 896 1219 955 uidissent

760 1000 1057 1049 narrarent
1076 1021 1090 1036 ·
1151 990 1262 1049 nisi

759 1103 895 1143 cum
925 1084 1074 1143 filius
1101 1083 1265 1143 homi

759 1180 852 1238 nis
881 1197 916 1237 a
943 1178 1188 1237 mortuis
1217 1196 1276 1237 re

755 1272 1095 1331 surrexisset
1117 1303 1132 1318 ·

751 1363 796 1398 ¹⁰
813 1366 890 1425 Et
916 1368 1162 1425 uerbum
1193 1364 1350 1423 conti

752 1469 1001 1520 nuerunt
1030 1460 1185 1537 apud
1215 1478 1278 1519 se
1297 1490 1312 1505 ·

756 1554 1166 1632 conquirentes

757 1648 900 1725 quid
927 1656 1080 1708 esset
1107 1666 1143 1707 a
1177 1665 1310 1706 mor

755 1744 870 1801 tuis
899 1761 1199 1819 resurgere

757 1836 800 1870 ¹¹
816 1834 892 1894 Et
920 1837 1284 1912 interrogaue

755 1940 893 1990 runt
917 1948 1056 1989 eum
1085 1930 1256 1989 dicen

755 2036 847 2084 tes
870 2051 883 2065 ·
956 2042 1134 2101 quare
1159 2024 1358 2084 dicunt

755 2118 980 2178 scribae
1065 2117 1280 2177 heliam

753 2220 986 2289 oportet
1014 2213 1204 2289 primii

756 2306 955 2365 uenire
977 2336 991 2352 ·
1053 2306 1096 2340 ¹²
1110 2305 1188 2365 Et
1215 2324 1277 2365 re

754 2401 1050 2478 spondens
1077 2400 1219 2459 dixit
1248 2399 1357 2459 illis

755 2531 961 2593 Helias
988 2533 1234 2593 ueniens

751 2627 945 2703 primo
973 2629 1170 2686 restitu

751 2728 811 2778 et
837 2721 1038 2780 omnia
1056 2752 1070 2767 ·
1092 2753 1107 2768 ·
1129 2753 1144 2767 ·
1185 2731 1244 2781 et
1273 2740 1394 2799 quo

753 2811 920 2873 modo
947 2815 1228 2891 scripturn
1255 2825 1344 2874 est

749 2925 927 2984 super
953 2908 1135 2967 filium
1165 2909 1245 2968 ho

750 3003 927 3062 minis
954 3012 1017 3060 ut
1045 3002 1229 3061 multa

750 3097 1000 3174 patiatur
1080 3106 1138 3155 et
1167 3115 1284 3156 con

749 3197 1040 3248 temnatur
1061 3221 1075 3236 ·
1141 3188 1184 3222 ¹³
1206 3189 1324 3249 Sed

749 3281 884 3341 dico
911 3282 1082 3341 uobis
1105 3313 1120 3328 ·
1179 3284 1316 3361 quia

749 3387 808 3436 et
834 3375 1017 3435 helias
1047 3377 1210 3435 uenit
1231 3407 1247 3423 ·

745 3477 806 3528 et
833 3467 1095 3528 fecerunt
1123 3470 1201 3528 illi

748 3574 971 3640 quanta
999 3563 1308 3623 uoluerunt
1327 3596 1341 3611 ·

749 3657 903 3716 sicut
931 3659 1209 3735 scriptum

747 3761 834 3811 est
863 3751 934 3810 de
965 3750 1062 3810 illo
1082 3782 1097 3799 ·
1119 3783 1134 3798 ·

745 3843 792 3879 ¹⁴
809 3845 886 3904 Et
915 3862 1050 3903 cum
1079 3847 1335 3904 uenisset

748 3958 784 3998 a
805 3938 1123 4015 discipulos
1145 3940 1206 3997 ui

747 4033 830 4092 dit
859 4035 1090 4092 turbam
1119 4051 1262 4110 mag

745 4146 887 4186 nam
915 4146 1052 4187 curn
1081 4128 1191 4188 illis
1215 4159 1229 4174 ·

746 4233 806 4282 et
833 4223 1054 4283 scribas
1082 4241 1198 4282 con

742 4317 1038 4393 quirentes
1067 4335 1204 4376 cum
1232 4317 1316 4377 eis
1337 4349 1352 4364 ·

2135 344 2340 407 SEC2
2363 372 2379 391 ·
3475 353 3594 418 [nr.
3616 357 3785 424 9-36.

1523 519 1831 581 multitudo
1857 522 1988 581 uiso

1521 618 1618 677 illo
1644 618 1880 695 expauit
1903 649 1916 663 ·
1984 626 2044 675 et

1521 711 1886 771 adcurrentes
1915 710 2043 770 salu

1516 814 1788 865 tauerunt
1816 824 1951 866 eum
1973 840 2014 849 -

1515 899 1560 933 ²⁶
1575 898 1652 959 Et
1680 900 2056 978 interrogauit

1513 1012 1617 1054 eos
1686 994 1826 1072 quid
1848 994 1995 1052 inter

1510 1104 1620 1147 uos
1649 1088 1990 1165 conquiritis
2008 1119 2024 1135 ·

1511 1180 1556 1215 ¹⁷
1573 1182 1650 1240 Et
1677 1180 1975 1259 respondit
2001 1183 2116 1241 eiu

1512 1294 1623 1335 nus
1651 1276 1724 1335 de
1753 1278 1924 1335 turba
1953 1308 1968 1325 ·

1509 1370 1792 1448 Magister
1813 1370 1972 1429 attuli

1508 1464 1692 1523 filium
1721 1482 1918 1523 meum
1947 1464 2025 1524 ad

1509 1567 1564 1617 te
1593 1558 1910 1618 habentem
1939 1562 2074 1634 siim

1511 1651 1866 1712 inmundum
1887 1684 1902 1699 ·
1966 1651 2011 1685 ¹⁸
2028 1654 2130 1729 qui

1512 1746 1906 1823 ubicumquae
1935 1763 2073 1805 eum

1512 1840 1960 1917 adprehenderit

1513 1934 1711 1993 adlidit
1737 1951 1872 1993 eum
1900 1942 1958 1992 et
1987 1950 2098 2010 spu

1511 2037 1593 2087 tat
1615 2060 1630 2074 ·
1689 2028 1767 2086 Et
1795 2027 1990 2087 stridet

1511 2122 1778 2181 dentibus
1806 2130 1865 2180 et
1891 2140 2016 2181 ares

1511 2216 1590 2275 cit
1611 2248 1626 2262 ·
1691 2215 1769 2273 Et
1797 2214 1916 2273 dixi
1945 2214 2088 2273 disci

1509 2308 1662 2385 pulis
1693 2308 1808 2367 tuis
1831 2317 1893 2366 ut
1921 2307 2046 2367 eice

1509 2412 1638 2461 rent
1663 2402 1826 2461 illum
1907 2410 1964 2461 et
1993 2419 2117 2461 non

1508 2545 1825 2612 potuerunt

1509 2629 1551 2662 ¹⁹
1578 2629 1655 2687 Et
1681 2627 2046 2707 respondens

1506 2722 1651 2782 dixit
1679 2723 1758 2782 illi
1781 2754 1795 2769 ·
1859 2743 1898 2784 o
1927 2741 2078 2799 gene

1504 2817 1652 2876 ratio
1682 2817 1982 2876 incredula

1503 2911 1784 2989 quamdiu
1813 2911 1973 2989 apud
2000 2928 2112 2970 uos

1503 3022 1606 3065 ero
1689 3004 1973 3082 quamdiu
2001 3023 2080 3084 pa

1505 3098 1613 3158 tiar
1641 3116 1753 3159 uos
1773 3131 1786 3145 ·
1844 3097 2084 3158 Adferte

1503 3191 1668 3251 illum
1687 3192 1763 3252 ad
1785 3211 1878 3252 me
1904 3224 1918 3240 ·
1961 3190 2072 3251 ²⁰et
2090 3191 2167 3252 ad

1503 3284 1753 3344 tulerunt
1821 3286 1900 3344 Et
1925 3297 2048 3346 cu-

1505 3377 1747 3437 uidisset
1773 3397 1908 3437 eum
1938 3384 2038 3454 sps

1506 3471 1596 3530 ille
1680 3472 2046 3531 conturbauit

1505 3583 1752 3643 puerum
1819 3575 1876 3624 et
1905 3565 2018 3625 heli

1505 3677 1606 3718 sus
1641 3661 1702 3718 in
1730 3670 1940 3719 terram
1969 3677 2050 3720 uo

1505 3753 1793 3814 lutabatur
1821 3764 2098 3832 spumans

1503 3847 1546 3883 ²¹
1567 3848 1643 3907 Et
1669 3849 2047 3926 interrogauit
2073 3868 2152 3927 pa

1503 3951 1649 4001 trem
1676 3944 1802 4003 eius
1885 3961 2044 4020 quan

1501 4044 1628 4094 tum
1657 4038 1935 4114 temporis
1963 4046 2051 4096 est

1501 4147 1574 4188 ex
1604 4148 1726 4207 quo
1754 4129 1973 4189 factum
2001 4140 2090 4190 est

1501 4223 1554 4282 ei
1578 4253 1593 4270 ·
1659 4234 1717 4283 at
1746 4223 1838 4282 ille
1866 4242 2078 4302 respon

1501 4317 1584 4376 dit
1611 4319 1688 4377 ab
1715 4317 1957 4376 infantia
1978 4350 1992 4365 ·

743 4409 881 4470 1ιὶΕῑ
912 4412 1222 4472 confestim
1255 4411 1450 4472 omnis
1499 4408 1545 4442 ²²
1561 4411 1634 4471 Et
1665 4411 1990 4490 frequenter
2016 4412 2112 4472 illii

3082 520 3305 580 eicere·
3370 516 3489 579 ”et
3517 520 3663 580 dixit

3082 613 3192 672 illis
3212 644 3225 659 ·
3290 612 3403 673 hoc
3433 632 3621 692 genus

3080 707 3141 765 in
3168 707 3333 768 nullo
3362 708 3476 767 alio
3506 726 3587 786 po

3078 810 3190 860 test
3220 802 3378 861 exire
3408 802 3521 861 nisi
3548 802 3613 861 in

2330 520 2391 579 in
2420 519 2618 598 ignem
2679 528 2737 579 et
2766 520 2827 578 in
2857 538 2894 579 a

2330 632 2509 691 quam
2540 615 2802 674 mittebat

2330 718 2394 767 ut
2424 727 2561 768 eum
2593 708 2865 784 perderet

2328 802 2445 863 Sed
2474 802 2523 862 si
2550 803 2693 880 quid
2721 812 2892 880 potes

2296 896 2541 959 ‚adiuua
2570 914 2683 956 nos
2712 896 2826 956 dfie
3077 895 3441 955 orationibus
3470 906 3529 955 et
3556 898 3607 955 ie

2321 1000 2379 1050 et
2406 992 2667 1050 miserore
2691 990 2863 1049 nobis
2888 1022 2903 1037 ·
3160 1016 3243 1043 m
3272 990 3443 1049 iuniis
3472 1016 3555 1043 ψ»

2319 1084 2363 1119 ⁸⁸
2382 1084 2482 1143 Ihs
2510 1094 2705 1145 autem
2733 1084 2878 1143 dixit
2904 1084 2942 1142 il
3028 1082 3061 1121 *
3078 1080 3217 1143 ”Et
3243 1084 3379 1142 inde
3406 1084 3651 1161 profecti

2319 1180 2357 1239 li
2376 1209 2392 1225 ·
2456 1181 2506 1239 si
2534 1188 2705 1257 potes
2732 1180 2905 1239 crede
3025 1174 3437 1237 *transiebant

2318 1292 2380 1333 re
2407 1274 2609 1333 omnia
2633 1274 2795 1350 possi
3024 1268 3134 1329 *in
3164 1272 3435 1348 galileam
3457 1304 3471 1319 ·
3536 1272 3615 1331 Et
3644 1291 3717 1332 ne

2319 1368 2455 1427 bilia
2482 1368 2735 1427 credenti
2758 1398 2773 1413 ·
3024 1364 3055 1396 *
3076 1383 3177 1425 mo
3204 1367 3438 1426 uolebat
3464 1372 3579 1444 que

2316 1459 2360 1494 ²⁴
2377 1461 2455 1520 Et
2482 1462 2763 1521 continuo
2792 1460 2959 1523 excla
3022 1457 3051 1490 '⁸
3072 1478 3254 1539 quam
3283 1462 3453 1520 scrire
3472 1492 3487 1507 ·
3504 1494 3591 1505 —

2319 1573 2489 1615 mans
2517 1566 2681 1633 pater
2708 1562 2782 1615 cu
3067 1552 3111 1588 ⁸²
3128 1554 3398 1614 Docebat
3419 1566 3617 1615 autem
3646 1555 3739 1615 dis

2318 1650 2571 1709 lacrimis
2599 1660 2659 1708 et
2688 1650 2831 1708 dixit
3068 1648 3301 1726 cipulos
3329 1667 3468 1708 suos
3496 1659 3555 1708 et

2318 1742 2451 1801 Diie
2480 1742 2656 1804 credo
2685 1743 2899 1829 adiuua
3069 1741 3306 1801 dicebat
3331 1742 3441 1802 illis
3465 1774 3481 1788 ·
3552 1744 3695 1820 quia

2316 1855 2513 1896 meam
2539 1837 2820 1898 increduli
3069 1835 3219 1895 filius
3248 1836 3502 1896 hominis

2316 1940 2495 1990 tatem
2514 1960 2528 1976 ·
2572 1932 2619 1965 ²⁸
2638 1932 2717 1989 Et
2744 1950 2881 1991 cum
3070 1930 3327 1989 tradetur
3354 1930 3414 1987 in
3442 1948 3655 1990 manus

2314 2024 2539 2084 uideret
2566 2025 2655 2084 ihs
2683 2026 2843 2101 quod
3068 2023 3377 2082 hominum
3396 2054 3413 2069 ·
3474 2034 3534 2082 et
3560 2024 3691 2084 occi

2314 2128 2623 2177 concurret
2651 2127 2743 2176 tur
3067 2115 3209 2176 dent
3236 2134 3373 2175 eum
3396 2148 3411 2163 ·
3472 2127 3531 2175 et
3557 2136 3631 2177 oc

3068 2211 3251 2270 cissus
3279 2220 3415 2287 post
3442 2212 3609 2271 tertiii

3068 2302 3225 2363 diem
3250 2314 3509 2381 resurget

3068 2395 3113 2429 ³⁸
3127 2398 3208 2457 At
3236 2398 3315 2457 illi
3344 2398 3691 2474 ignorabant

2314 2213 2392 2272 ba
2410 2242 2425 2257 ·
2490 2211 2899 2273 Comminatus

2313 2317 2404 2367 est
2434 2306 2655 2384 spiritui
2682 2306 2743 2365 in

2314 2400 2541 2460 mundo
2574 2399 2776 2461 dicens
2798 2433 2811 2447 ·

3066 2531 3311 2589 uerbum
3340 2539 3397 2590 et
3426 2531 3709 2591 timebant

3066 2640 3207 2682 eum
3235 2624 3588 2700 interrogare

2314 2533 2486 2593 surde
2514 2543 2573 2593 et
2593 2544 2789 2592 mutae

2314 2627 2546 2704 spiritae
2565 2658 2579 2673 ·
2640 2644 2755 2704 ego
2784 2627 2887 2685 tibi

2312 2721 2571 2798 precipio
2601 2721 2696 2780 exi
2724 2722 2799 2780 ab
2826 2721 2865 2779 il
3066 2717 3111 2750 ⁸⁸
3128 2717 3205 2776 Et
3232 2718 3395 2776 uenit
3422 2725 3711 2794 capernaii
3732 2751 3749 2767 ·

2311 2814 2372 2874 lo
2452 2824 2511 2874 et
2540 2832 2865 2892 numquam
3069 2821 3127 2870 et
3152 2828 3290 2870 cum
3320 2811 3483 2871 domi
3508 2823 3660 2872 esset

2313 2908 2563 2968 introeas
2592 2909 2652 2967 in
2680 2927 2817 2968 eum
3066 2905 3459 2982 interrogabat
3483 2923 3589 2965 eos

2312 2999 2449 3061 “Et
2475 3002 2736 3062 clamans
2762 3013 2820 3061 et
2847 3002 2971 3062 mul
3066 2999 3209 3076 quid
3238 3000 3299 3057 in
3326 3000 3423 3058 uia
3450 2999 3649 3078 discep

2310 3106 2436 3156 tum
2464 3097 2626 3155 illum
2654 3096 2847 3156 lamen
3064 3102 3283 3152 tassent
3300 3125 3315 3140 ·
3379 3093 3500 3153 ³¹at
3527 3094 3605 3153 illi
3632 3105 3773 3155 tacu

2309 3199 2441 3250 tans
2469 3190 2606 3249 exiit
2628 3221 2643 3236 ·
2708 3199 2767 3250 et
2793 3190 2885 3249 fac
3064 3197 3234 3247 erunt
3257 3219 3272 3234 ·
3339 3187 3495 3246 Inter
3522 3206 3585 3248 se

2309 3294 2405 3344 tus
2432 3295 2520 3343 est
2548 3284 2696 3344 sicut
2722 3301 2854 3343 mor
3063 3281 3223 3340 enim
3249 3279 3658 3357 disquerebant

2308 3387 2445 3438 tuus
2464 3409 2479 3424 ·
2565 3379 2643 3436 ita
2670 3389 2735 3436 ut
2762 3377 2884 3436 mul
3064 3375 3195 3452 quis
3222 3384 3345 3434 eset
3370 3375 3601 3434 illorum

2308 3473 2351 3532 ti
2378 3472 2635 3532 dicerent
2661 3472 2823 3549 quod
3064 3471 3253 3528 maior
3275 3499 3290 3516 ·
3316 3500 3331 3516 ·
3356 3500 3371 3515 ·
3400 3469 3445 3502 ³⁶
3457 3470 3535 3528 Et
3556 3470 3765 3532 sedens

2310 3577 2573 3626 mortuus
2600 3576 2753 3626 esset
3064 3564 3301 3623 uocauit
3332 3562 3585 3624 duodeci

2306 3658 2351 3694 ²⁷
2374 3661 2475 3720 Ihs
2503 3670 2699 3720 autem
2727 3669 2931 3719 tenens
3064 3658 3381 3736 discipulos
3409 3669 3466 3717 et
3494 3659 3573 3718 ait
3600 3659 3639 3718 il

2308 3772 2551 3814 manum
2578 3755 2704 3812 eius
2732 3763 2791 3812 et
3061 3751 3131 3810 lis
3150 3783 3165 3798 ·
3186 3783 3201 3798 ·
3247 3752 3309 3812 Si
3336 3752 3467 3830 quis
3494 3754 3619 3812 uult

2307 3849 2522 3908 leuauit
2542 3865 2679 3907 eum
2706 3856 2764 3907 et
2792 3865 2891 3905 sur
3060 3847 3283 3922 primus
3310 3863 3437 3905 esse
3456 3877 3471 3893 ·
3532 3847 3634 3906 fiat

2306 3943 2453 4002 rexit
2476 3973 2491 3988 ·
2552 3939 2595 3974 ²⁸
2612 3953 2669 4000 et
2698 3959 2835 4000 cum
2864 3942 2925 4000 in
3058 3940 3325 3999 omnium
3354 3941 3577 4000 nouissi

2306 4037 2531 4097 troisset
2558 4036 2618 4093 in
2646 4035 2830 4093 domii
3057 4051 3189 4091 mus
3215 4042 3274 4092 et
3302 4035 3569 4092 omnium

2304 4128 2593 4207 Discipuli
2624 4128 2748 4188 eius
2778 4146 2939 4188 secte
3055 4127 3317 4188 minister
3340 4159 3354 4174 ·
3398 4127 3443 4161 ³⁶
3458 4128 3538 4187 Et
3563 4129 3689 4188 acci

2303 4233 2363 4282 to
2394 4223 2830 4299 interrogabant
3052 4206 3499 4299 piens'puerum

2302 4317 2466 4376 illum
2549 4334 2730 4395 quare
2756 4333 2868 4375 nos
3059 4314 3267 4375 Statuit
3288 4335 3425 4374 eum
3453 4317 3515 4374 in
3542 4316 3741 4377 medio

2304 4431 2423 4472 non
2452 4412 2750 4490 potuimus
2776 4410 2915 4470 illud
3055 4427 3259 4469 eorum
3284 4443 3299 4458 ·
3361 4429 3539 4488 quem
3567 4416 3641 4470 οῦ

3809 520 3937 569 1¹01.
3964 523 4093 573 179.
