4373 5048
326 531 456 581 Pol.
476 534 585 581 111.

628 356 720 407 IX·
743 350 931 420 9-37·]

631 536 745 597 ego
774 518 949 578 audio
978 517 1111 577 talia
1132 548 1146 565 ·
1210 526 1269 576 et

632 615 911 691 querebat
938 613 1097 671 illum
1124 613 1185 670 ui

632 706 767 767 dere
792 739 805 753 ·
828 739 842 753 ·
865 738 879 754 ·
924 706 1054 764 ¹⁰Et
1081 724 1247 765 reuer

631 802 682 860 si
708 800 960 878 apostoli
989 818 1096 859 nar

627 904 898 954 rauerunt
924 895 1003 954 illi
1032 914 1145 973 que

628 1006 877 1067 cumque
907 990 1162 1049 fecerunt
1182 1020 1195 1035 ·

624 1080 703 1142 Et
730 1082 1009 1143 adsumtis
1039 1084 1145 1143 illis

625 1178 861 1236 secessit
883 1183 1081 1237 seorsfi

624 1270 686 1328 in
712 1271 909 1330 locum
938 1271 1165 1331 desertfi
1184 1303 1199 1318 ·

624 1364 785 1441 quod
809 1375 897 1423 est
923 1366 1145 1425 bethsai

624 1458 701 1517 da
722 1488 737 1504 ·
778 1457 821 1491 ¹¹
840 1459 1001 1537 quod
1027 1477 1163 1518 cum
1190 1476 1306 1536 cog

624 1553 925 1612 nouissent
938 1555 1137 1612 turbae

622 1656 817 1706 secute
846 1657 981 1707 sunt
1000 1648 1100 1707 illfi
1123 1679 1138 1694 ·

623 1748 680 1799 et
706 1742 920 1817 excepit
947 1741 1075 1801 illos
1096 1752 1153 1802 et
1179 1743 1239 1803 lo

624 1836 913 1913 quebatur
940 1835 1049 1895 illis
1073 1836 1144 1895 de

620 1947 806 2005 regno
836 1928 896 1987 di
916 1961 931 1976 ·
1002 1940 1059 1988 et
1084 1947 1189 1990 eos

620 2024 723 2099 qui
749 2041 888 2083 cura
914 2022 1109 2099 indige

621 2118 762 2175 bant
788 2117 1033 2176 sanabat
1051 2150 1064 2164 ·

620 2207 663 2244 ¹⁸
676 2210 819 2271 Dies
845 2222 1039 2271 autem
1068 2229 1250 2289 coepe

618 2314 705 2363 rat
733 2305 1019 2366 declinare
1038 2336 1053 2352 ·
1097 2305 1175 2365 Et

618 2409 984 2459 accesserunt
1010 2399 1130 2459 duo

616 2492 807 2552 decim
834 2493 1098 2572 discipuli
1124 2493 1248 2552 eius

615 2633 673 2683 et
695 2624 961 2684 dixerunt
979 2624 1058 2683 illi
1077 2655 1092 2671 ·
1150 2625 1315 2684 dimit

614 2729 668 2777 te
696 2720 924 2779 turbam
990 2729 1055 2778 ut
1080 2729 1217 2778 eant

616 2812 773 2872 circa
799 2813 1033 2872 castella
1058 2822 1117 2871 et
1142 2813 1221 2872 uil

611 2904 697 2965 las
725 2915 782 2964 et
810 2906 1071 2966 reficiant
1098 2925 1159 2966 se

609 3010 676 3059 ut
702 2999 999 3060 inueniant
1024 3019 1189 3061 escas
1208 3032 1223 3048 ·

612 3095 749 3171 quia
774 3094 870 3154 hic
898 3095 958 3152 in
984 3093 1121 3154 loco
1144 3095 1309 3154 deser

611 3197 671 3246 to
700 3205 902 3248 sumus
922 3221 935 3236 ·
990 3189 1146 3248 1'Ait
1170 3194 1304 3249 aute

606 3282 685 3341 ad
712 3282 842 3342 illos
910 3283 1041 3342 date
1057 3283 1166 3342 illis
1194 3299 1304 3344 uos

608 3375 955 3436 manducare
976 3408 991 3424 ·
1056 3387 1115 3436 at
1140 3377 1221 3436 illi

606 3469 873 3529 dixerunt
937 3489 1060 3530 non
1090 3480 1223 3530 sunt

605 3563 668 3620 in
694 3564 867 3623 nobis
888 3565 1019 3642 plus
1042 3583 1221 3643 quam

602 3655 861 3735 quinque
887 3677 1070 3735 panes
1096 3669 1155 3718 et
1182 3659 1261 3718 du

602 3767 673 3809 os
693 3752 883 3828 pisces
900 3784 915 3799 ·
967 3753 1077 3812 nisi
1099 3771 1303 3814 eamus

601 3853 659 3904 et
684 3863 947 3906 emamus
974 3847 1035 3906 in
1064 3853 1243 3906 omne

600 3940 833 3998 turbam
862 3940 1014 4000 hanc
1042 3959 1209 4002 escas
1230 3973 1245 3988 ·

601 4033 645 4066 ¹⁴
658 4031 841 4093 Erant
856 4036 1014 4094 enim
1031 4037 1140 4095 uiri
1160 4037 1301 4114 quin

600 4144 712 4205 que
728 4128 891 4188 milia
908 4161 921 4175 ·
966 4130 1044 4189 ait
1060 4135 1193 4190 aute
1211 4129 1300 4190 ihs

600 4221 673 4280 ad
702 4221 1021 4300 discipulos
1051 4241 1189 4284 suos

598 4313 770 4375 facite
798 4317 925 4376 illos
954 4317 1182 4377 discum

596 4409 730 4470 bere
758 4429 862 4488 per
890 4413 1163 4471 conuiuia

594 4505 1041 4583 quinquagenos
1073 4505 1205 4566 ηΕῑ
1220 4507 1299 4567 ita

593 4597 851 4658 fecerunt
884 4609 941 4658 et
970 4599 1216 4661 discubu

1004 4704 1173 4753 erunt

1955 343 2304 405 LUCAN-

1381 516 1702 595 ¹⁸Acceptis
1718 528 1909 576 autern
1928 490 2071 596 quin
2179 516 2226 551 ²⁸
2244 508 2492 577 Dicebat
2519 529 2714 577 autern
2743 517 2820 577 ad

1379 630 1493 690 que
1520 631 1703 688 panes
1730 622 1789 673 et
1818 613 2005 673 duobs
2180 629 2386 671 omnes
2409 644 2424 659 ·
2491 612 2539 671 si
2569 613 2700 689 quis

1378 707 1634 783 piscibus
1662 708 1915 784 respexit
2181 705 2307 764 uult
2335 716 2470 785 post
2499 725 2592 765 me
2619 706 2756 765 ueni

1378 800 1440 857 in
1468 801 1655 859 celum
1684 810 1743 861 et
1770 800 2020 861 benedix
2178 818 2242 858 re
2271 799 2522 877 abneget
2550 819 2612 860 se
2640 802 2772 879 ipsii
2793 833 2806 847 ·

2178 903 2235 952 et
2263 895 2488 953 sublata
2513 914 2684 955 cruce

2180 1005 2286 1046 sua
2313 1000 2580 1066 sequatur
2607 1008 2701 1049 me
2724 1021 2739 1036 ·

2177 1078 2222 1113 ²⁴
2241 1081 2360 1154 Qui
2387 1084 2546 1141 enim
2573 1084 2816 1145 uoluerit

2178 1176 2438 1235 animam
2465 1195 2632 1237 suam
2661 1178 2748 1238 sal

2174 1287 2313 1328 uam
2342 1270 2526 1329 facere
2554 1290 2658 1348 per

2176 1363 2272 1421 det
2299 1364 2454 1423 illam
2479 1396 2494 1411 ·
2554 1365 2710 1424 Nam

2174 1459 2276 1535 qui
2305 1458 2616 1535 perdiderit

2174 1553 2432 1612 animam
2464 1570 2631 1611 suam

2172 1656 2412 1723 propter
2439 1665 2533 1706 me
2614 1648 2710 1709 hic

2173 1739 2399 1799 saluam
2428 1740 2597 1801 faciet
2625 1742 2665 1801 il

2171 1832 2289 1893 lam
2309 1864 2324 1879 ·
2367 1830 2411 1866 ⁸⁵
2429 1834 2590 1906 Quid
2616 1836 2774 1895 enim

2170 1928 2402 2004 proficit
2427 1927 2610 1993 homo

2171 2022 2220 2079 si
2254 2021 2502 2082 lucretur
2526 2024 2628 2083 uni

2169 2134 2402 2175 uersum
2429 2117 2652 2176 mundii

2171 2226 2232 2269 se
2262 2220 2454 2270 autem
2481 2211 2684 2287 perdat

2168 2314 2228 2361 et
2255 2303 2662 2363 detrimentum

2170 2396 2344 2457 faciat
2363 2430 2376 2445 ·
2420 2395 2463 2431 ²⁶
2481 2398 2639 2457 Nam
2665 2400 2766 2478 qui

2168 2510 2265 2552 me
2291 2493 2578 2552 erubuerit

1377 894 1451 953 sit
1480 911 1652 970 super
1680 894 1811 954 illos
1838 904 1896 955 et
1925 895 2013 955 dis

1374 988 1568 1046 tribuit
1596 988 1892 1065 discipulis

1373 1090 1439 1138 ut
1466 1093 1749 1159 ponerent
1777 1092 1909 1142 ante

1374 1177 1572 1235 turbas
1633 1175 1677 1210 ¹⁷
1692 1187 1750 1235 et
1770 1177 2059 1237 manduca

1374 1280 1581 1329 uerunt
1606 1280 1665 1330 et
1697 1273 1929 1331 saturati

1375 1374 1512 1424 sunt
1568 1374 1627 1425 et
1652 1367 1880 1425 sublata
1908 1375 2027 1425 est·

1372 1458 1533 1535 quod
1563 1461 1853 1535 superauit
1880 1461 1989 1520 illis

1370 1552 1829 1629 fragmentorum
1858 1574 1931 1615 co

1371 1646 1517 1705 finos
1545 1647 1857 1708 duodecim
1880 1682 1981 1695 ·--

1368 1739 1412 1773 ¹⁸
1420 1741 1495 1800 Et
1514 1741 1730 1801 factum
1746 1752 1835 1803 est
1854 1760 1990 1803 cum
2004 1762 2069 1803 es

1370 1846 1521 1895 esset
1541 1854 1719 1897 orans
1745 1855 1906 1896 secre

1369 1938 1460 1988 tae
1483 1960 1498 1976 ·
1562 1940 1726 1989 erant
1752 1949 1887 1990 cum
1917 1931 2014 1991 illo

1370 2033 1427 2083 et
1454 2024 1723 2101 discipuli
1742 2056 1755 2070 ·
1799 2023 1877 2082 Et
1905 2026 2052 2086 inter

1370 2118 1599 2193 rogauit
1632 2118 1760 2177 illos
1790 2118 1991 2179 dicens
2016 2151 2029 2166 ·

1368 2230 1543 2290 quem
1571 2230 1664 2271 me
1693 2213 1893 2273 dicunt
1918 2232 1983 2273 es

1367 2324 1427 2366 se
1450 2307 1648 2365 turbae
1671 2338 1686 2351 ·
1729 2305 1854 2365 ²⁹At
1880 2308 1958 2366 illi
1986 2328 2047 2369 re

1366 2399 1725 2477 sponderunt
1750 2412 1807 2459 et
1828 2400 1961 2462 dixe

1368 2501 1503 2553 runt
1526 2524 1540 2540 ·
1584 2493 1915 2562 Iohannem

1366 2626 1679 2702 baptistam
1704 2657 1718 2672 ·
1778 2627 1873 2686 alii

1364 2730 1559 2779 autem
1587 2720 1799 2780 heliam
1819 2751 1833 2768 ·
1898 2721 1993 2781 alii

1364 2831 1505 2874 uero
1533 2816 1671 2893 quia
1696 2815 1925 2892 profeta

1362 2925 1513 2968 unus
1543 2909 1613 2969 de
1641 2909 1931 2986 prioribus

1362 3003 1607 3061 surrexit
1629 3033 1643 3050 ·
1703 3000 1748 3036 ²⁰
1764 3002 1929 3063 Dixit

1358 3106 1552 3154 autem
1580 3096 1689 3156 illis
1710 3129 1723 3144 ·
1784 3115 1893 3157 uos
1923 3115 1999 3157 au

1356 3199 1473 3248 tem
1501 3208 1711 3268 queme
1738 3209 1866 3250 esse

1356 3282 1542 3344 dicitis
1560 3313 1575 3330 ·
1640 3283 1887 3362 Respon

1356 3376 1501 3438 dens
1530 3388 1725 3437 autem
1752 3380 1947 3439 simon

1356 3483 1554 3550 petrus
1582 3473 1725 3532 dixit
1746 3503 1761 3518 ·
1825 3478 1971 3548 xpm
1991 3504 2006 3521 ·

1354 3565 1413 3624 di
1434 3598 1449 3614 ·
1492 3563 1531 3599 ²¹
1552 3577 1611 3626 at
1638 3567 1731 3626 ille
1758 3566 1919 3626 incre

1353 3677 1503 3738 pans
1531 3661 1659 3720 illos
1687 3678 1858 3738 prece

1354 3755 1439 3831 pit
1466 3772 1540 3814 ne
1567 3754 1663 3813 cui
1691 3754 1837 3813 haec
1867 3753 1994 3814 dice

1353 3857 1481 3906 rent
1503 3878 1518 3894 ·
1544 3879 1557 3894 ·
1624 3845 1881 3906 ”dicens

1353 3941 1515 4019 quod
1536 3951 1765 4018 oportet
1793 3941 1873 4000 fili

1351 4054 1454 4095 um
1470 4035 1725 4095 hominis
1753 4035 1874 4093 mul

1351 4139 1409 4188 ta
1437 4131 1556 4206 pati
1583 4138 1640 4189 et
1667 4129 1915 4206 reproba

1349 4224 1397 4282 ri
1426 4242 1462 4282 a
1489 4224 1851 4301 principibus

1349 4318 1715 4378 sacerdotum
1742 4327 1798 4376 et
1826 4335 1888 4377 se

2164 2633 2224 2682 et
2251 2641 2418 2683 meos
2445 2642 2744 2686 sermones
2781 2697 2788 2704 .

2165 2715 2324 2777 hunc
2352 2717 2499 2777 filius
2527 2718 2782 2779 hominis

2164 2811 2483 2881 confundet
2510 2829 2648 2870 cum
2675 2831 2747 2871 ue

2163 2906 2314 2964 nerit
2340 2907 2402 2964 in
2431 2907 2728 2966 maiestate

2162 3017 2268 3059 sua
2294 3008 2352 3058 et
2379 3001 2557 3076 patris
2583 3010 2640 3059 et
2669 3007 2772 3062 sc'o

2157 3383 2245 3434 tes
2273 3377 2374 3454 qui
2403 3395 2527 3436 non
2554 3387 2723 3453 gusta

2158 3473 2304 3531 bunt
2331 3480 2584 3530 mortem
2618 3471 2696 3530 do

2108 3748 2137 3782 *
2161 3762 2298 3829 post
2327 3753 2470 3812 haec
2500 3753 2676 3812 uerba
2705 3783 2720 3798 ·

2155 3845 2273 3904 fere
2301 3856 2436 3922 post
2465 3845 2586 3905 dies
2614 3854 2752 3905 octo
2776 3877 2791 3892 ·

2154 3938 2234 3998 Et
2263 3940 2542 3998 adsumsit
2569 3949 2797 4016 petrum

2155 4137 2213 4187 et
2241 4128 2502 4188 ascendit
2531 4129 2590 4186 in
2618 4145 2762 4188 mon

2156 4231 2276 4282 tem
2304 4231 2368 4281 ut
2394 4233 2585 4283 oraret
2604 4254 2618 4269 ·
2661 4221 2791 4282 ”Et

2156 4315 2298 4376 dum
2327 4327 2454 4376 orat
2523 4317 2676 4377 facta
2708 4327 2796 4378 est

2153 4419 2388 4488 spectus
2415 4420 2682 4487 aspectus

2155 4506 2281 4564 eius
2309 4505 2488 4564 altera
2511 4537 2526 4551 ·
2589 4514 2647 4564 et
2675 4523 2778 4566 ues

2155 4599 2291 4658 titus
2319 4599 2444 4658 eius
2475 4598 2757 4658 candidus

1350 4412 1611 4472 nioribus
1638 4421 1697 4471 et
1725 4413 1841 4471 scri

1349 4505 1439 4566 bis
1456 4537 1471 4554 ·
1513 4516 1572 4565 et
1590 4505 1806 4566 occidi·
1836 4513 2029 4582 etpost

1347 4608 1463 4660 tres
1491 4599 1615 4661 dies
1640 4617 1932 4677 resurgere

3550 338 3631 422 87

2930 516 3223 595 refulgens
3243 550 3256 565 ·
3301 517 3347 551 ³⁰
3361 526 3420 577 et
3445 536 3584 577 ecce
3609 544 3622 561 =
3657 532 3780 579 ποι.
3803 532 3922 580 112.

2931 612 3048 671 duo
3075 613 3184 672 uiri
3212 613 3507 691 loqueban

2928 714 3019 763 tur
3049 724 3182 765 cum
3212 706 3310 766 illo
3335 738 3348 753 ·
3392 716 3556 765 erant

2930 808 3122 859 autem
3149 818 3382 877 moyses
3407 812 3466 860 et
3495 802 3567 859 he

2927 893 3032 953 lias
3093 893 3136 926 ⁸¹
3157 894 3264 953 uisi
3291 896 3614 967 inmaiesta

2927 996 2984 1045 te
3013 998 3070 1046 et
3097 988 3366 1047 dicebant
3393 1007 3566 1049 exces

2928 1098 3058 1139 sum
3082 1082 3206 1141 eius
3268 1101 3444 1161 quem
3472 1102 3589 1143 con

2926 1175 3182 1252 pleturus
3209 1187 3330 1235 erat
3357 1178 3416 1235 in
3443 1177 3504 1236 hi

2925 1270 3210 1329 erusalem
3233 1302 3248 1317 ·
3295 1268 3340 1303 ⁸²
3356 1271 3558 1331 Petrus

2925 1381 3065 1423 uero
3093 1374 3149 1421 et
3177 1366 3276 1440 qui
3305 1383 3440 1423 cum
3467 1366 3565 1424 illo

2922 1468 3087 1516 erant
3113 1460 3337 1533 grauati
3365 1468 3572 1517 somn⁰

2923 1561 2981 1609 et
3008 1548 3334 1627 uigilantes·
3380 1552 3514 1612 uide

2923 1654 3058 1703 runt
3085 1646 3443 1705 maiestatem
3470 1648 3598 1705 eius

2922 1748 2979 1797 et
3007 1738 3157 1797 duos
3183 1740 3343 1799 uiros
3371 1742 3473 1817 qui
3502 1750 3590 1799 sta

2922 1833 3062 1891 bant
3080 1852 3215 1892 cum
3233 1834 3331 1893 illo
3343 1865 3358 1880 ·
3393 1833 3513 1893 ³³Et
3529 1834 3623 1895 fac

2923 1935 3048 1985 tum
3068 1938 3156 1986 est
3183 1946 3318 1987 cum
3348 1929 3580 1989 discede

2923 2030 3050 2079 rent
3076 2022 3152 2080 ab
3179 2022 3278 2080 illo
3301 2054 3315 2068 ·
3400 2024 3478 2081 ait
3506 2042 3581 2101 pe

2922 2122 3044 2173 trus
3071 2116 3145 2174 ad
3167 2115 3290 2175 ihm
3307 2148 3323 2163 ·
3365 2136 3582 2195 precep

2920 2217 3014 2268 tor
3041 2211 3266 2269 bonum
3292 2222 3380 2269 est
3406 2230 3519 2271 nos

2919 2302 3016 2362 hic
3043 2322 3170 2363 esse
3238 2303 3316 2363 Et
3342 2304 3623 2369 faciamus

2920 2398 3290 2457 tabernacula
3311 2400 3418 2458 tria
3442 2430 3456 2446 ·

2919 2490 3023 2550 tibi
3051 2509 3232 2551 unum
3257 2523 3272 2540 ·
3331 2491 3409 2552 Et
3437 2511 3620 2554 unum

2918 2623 3108 2700 moysi
3126 2655 3141 2669 ·
3210 2633 3268 2683 et
3295 2642 3480 2684 unum

2915 2716 3101 2776 heliae
3169 2719 3440 2778 nesciens

2917 2811 3058 2888 quid
3085 2812 3297 2871 diceret
3323 2844 3424 2859 ·--

2914 2903 3138 2964 ⁸⁴Haec
3166 2914 3358 2965 autem
3387 2907 3485 2966 illo
3514 2908 3572 2967 lo

2915 3009 3128 3078 quente
3198 2999 3348 3060 facta
3375 3011 3464 3061 est

2160 3111 2300 3173 rum⁸
2319 3094 2668 3171 angelorum
2693 3126 2707 3142 ·
2737 3127 2821 3138 —
2914 3093 3086 3151 nubis
3114 3102 3172 3151 et
3199 3094 3472 3154 inumbra

2158 3183 2368 3246 ”Dico
2385 3198 2578 3247 autem
2593 3189 2763 3248 uobis
2788 3207 2862 3248 ue
2913 3187 2998 3244 uit
3024 3205 3127 3246 eos
3155 3197 3213 3246 et
3237 3189 3417 3248 timue

2158 3282 2336 3360 aliqui
2351 3291 2484 3342 sunt
2494 3282 2587 3341 hic
2600 3291 2728 3341 stan
2777 3280 2862 3364 [re
2913 3289 3046 3338 runt
3075 3312 3090 3327 ·
3140 3281 3218 3340 Et
3245 3283 3476 3342 intranti

2913 3375 3022 3434 bus
3049 3375 3157 3435 illis
3185 3377 3246 3434 in
3276 3378 3430 3436 nube

2911 3467 2957 3502 ⁸⁶
2973 3468 3114 3528 on
3143 3469 3293 3530 facta
3320 3480 3408 3530 est
3435 3471 3506 3530 de
3531 3489 3614 3531 nu

2158 3582 2267 3623 nec
2282 3565 2708 3642 uideantregnfi
2722 3565 2897 3622 diua
2912 3563 2985 3621 be
3015 3562 3214 3622 dicens
3282 3563 3379 3624 hic
3405 3575 3492 3624 est

2107 3655 2137 3689 ¹⁸¹
2162 3655 2206 3692 ²⁸
2223 3658 2468 3718 Factum
2494 3669 2584 3718 est
2609 3667 2803 3718 autem
2913 3655 3063 3716 filius
3090 3675 3254 3716 meus
3282 3658 3432 3719 dilec

2910 3758 3004 3809 tus
3033 3751 3224 3828 ipsum
3251 3752 3440 3812 audite
3460 3782 3477 3798 ·

2912 3844 2955 3878 ³⁶
2975 3855 3032 3904 et
3060 3844 3200 3903 dum
3227 3845 3290 3904 fit
3315 3863 3436 3906 uox
3467 3847 3529 3904 in

2913 3948 3119 3998 uentus
3147 3949 3235 3999 est
3263 3941 3351 3998 ihs
3380 3958 3448 4000 so

2156 4033 2566 4093 etiohannem·
2583 4033 2861 4095 etiacobii
2911 4032 3000 4092 Ius
3068 4043 3124 4092 et
3153 4034 3263 4111 ipsi
3292 4043 3462 4094 tacue

2911 4137 3044 4185 runt
3111 4135 3168 4186 et
3197 4128 3415 4187 nemini
3509 4177 3515 4182 .

2909 4221 3052 4280 nihil
3082 4222 3350 4282 dixerunt
3387 4221 3448 4280 in

2907 4315 3020 4376 illis
3047 4315 3250 4376 diebus
3275 4334 3350 4374 ex
3379 4314 3469 4372 his

2910 4429 3022 4487 que
3051 4409 3313 4468 uiderant
3336 4440 3350 4456 ·

2907 4505 2952 4538 ⁸⁷
2972 4505 3214 4563 Factum
3242 4513 3330 4562 est
3357 4511 3550 4562 autem

2911 4598 3172 4675 sequenti
3202 4596 3294 4656 die
