4373 5048
760 324 849 387 44

759 622 881 681 lum
912 624 985 683 de
1013 625 1283 683 resticula
1304 656 1320 672 ·

757 726 817 775 et
845 736 1054 777 omnes
1083 718 1252 778 eiecit

757 810 833 870 de
860 812 1081 889 templo
1102 844 1116 859 -
1177 830 1321 872 oues

757 913 815 962 et
842 905 1027 965 boues
1054 906 1289 965 uenden

755 1008 843 1057 tes
865 1030 880 1045 ·
940 1008 999 1058 et
1025 1018 1270 1059 nummu

751 1091 1024 1151 lariorum
1052 1091 1255 1153 effudit

750 1187 1029 1263 pecunias
1052 1217 1067 1233 ·
1132 1197 1190 1247 et
1218 1207 1356 1248 euer

750 1279 819 1339 tit
844 1297 1077 1341 mensas
1104 1288 1245 1342 eoru
1276 1314 1290 1329 ·

749 1371 877 1433 ²‘Et
897 1375 982 1433 eis
1004 1375 1104 1451 qui
1132 1376 1435 1437 columbas

750 1467 1085 1527 uendebant
1105 1500 1119 1515 ·
1185 1470 1331 1529 dixit

750 1558 970 1620 Tollite
997 1561 1110 1622 hec
1138 1562 1277 1623 hinc
1296 1594 1311 1609 ·

749 1664 809 1712 et
837 1656 1017 1714 nolite
1044 1655 1234 1716 facere

748 1748 993 1819 domum
1020 1751 1199 1826 patris

746 1842 864 1899 mei
892 1843 1135 1902 domum
1163 1862 1240 1902 ne

746 1934 1086 2010 gotiationis
1110 1967 1124 1982 ·
1191 1935 1235 1970 ¹⁷
1248 1934 1326 1996 Et

745 2030 1189 2088 commemorati
1222 2041 1355 2088 sunt

744 2119 1013 2197 discipuli
1040 2122 1162 2182 eius

726 2218 889 2293 „qfim
917 2215 1197 2291 scriptum
1224 2226 1312 2275 est

744 2306 917 2368 Zelus
945 2308 1158 2369 domus
1185 2320 1317 2371 tuae

2039 302 2483 377 SECUNDU
2497 344 2514 363 ο

444 535 569 589 1¹01.
586 540 711 591 207.
756 527 803 562 ¹⁵
820 528 896 587 Et
921 529 1059 589 fecit
1094 530 1255 607 quasi
1290 531 1467 607 flagel
1518 529 1920 593 Rememorati
1947 542 2082 593 sunt

1517 626 1785 703 discipuli
1812 628 1935 686 eius
1956 659 1970 673 ·
2017 634 2161 704 qiim

1512 718 1627 779 hoc
1656 720 1887 780 dicebat
1905 752 1919 767 ·
1982 730 2041 779 et
2071 738 2165 781 cre

1511 812 1781 873 diderunt
1808 815 2023 875 scribtu

1510 924 1607 965 rae
1637 917 1694 966 et
1720 909 1904 967 uerbo
1933 907 2083 984 qu⁰d

1508 1000 1731 1059 dixerat
1758 1000 1849 1061 ihs
1867 1032 1881 1047 ·
1942 998 1985 1034 ’Β
2004 1001 2155 1061 Cum

1508 1102 1701 1153 autem
1732 1104 1885 1155 esset
1912 1095 2007 1154 hie

1505 1188 1815 1265 rosolymis
1883 1190 1945 1248 in
1974 1190 2067 1250 die

1507 1281 1657 1341 festo
1686 1301 1942 1359 pascae·
2005 1284 2129 1342 mul

1504 1375 1549 1433 ti
1576 1376 1993 1436 crediderunt'
1978 1395 2040 1435 in

1506 1471 1745 1529 nomine
1774 1470 1935 1529 eius·
1995 1472 2055 1529 ui

1507 1563 1711 1623 dentes
1740 1564 1889 1623 illius
1917 1565 2007 1641 sig

1506 1674 1584 1715 na
1612 1674 1727 1733 que
1756 1657 2045 1717 faciebat·

2247 1704 2426 1770 Innigi

2445 450 2600 501 lectio
2622 451 2787 515 prima
2809 448 2876 501 ad
2899 449 3086 500 Fontes

2436 535 2510 591 rit
2537 534 2731 593 denuo
2813 552 2939 593 non

2435 636 2630 703 potest
2656 626 2855 686 uidere

2435 738 2682 797 regnum
2713 720 2772 779 di
2795 752 2809 767 ·
2869 719 3048 780 ⁴dicit

2435 812 2511 871 ad
2539 830 2676 871 eum
2703 812 3046 874 nicodemus

2434 906 2735 982 quomodo
2763 915 2956 983 potest

2433 998 2616 1058 homo
2643 1000 2868 1059 renasci

2434 1110 2570 1151 cum
2600 1094 2674 1151 sit
2702 1111 2882 1153 senex
2903 1124 2918 1141 ·

2433 1186 2718 1263 numquid
2744 1196 2938 1264 potest

2430 1278 2615 1338 homo
2645 1280 2705 1337 in
2731 1290 2900 1339 utero

2431 1374 2633 1432 matris
2663 1390 2802 1432 suae
2829 1372 2906 1432 de

2431 1483 2552 1524 nuo
2580 1466 2814 1525 introire
2843 1477 2902 1526 et

2430 1560 2695 1619 renasci·
2755 1560 2778 1593 ⁶
2797 1558 2920 1621 Res

2413 1654 2672 1729 spondit
2699 1653 2789 1713 ihs

1505 1746 1704 1826 “Ipse
1727 1760 1921 1809 autem
1946 1750 2060 1809 ihs·
2083 1768 2206 1809 non
2247 1770 2332 1820 liis
2375 1722 2624 1806 g¹A1nen
2652 1764 2827 1805 amen
2856 1746 2990 1807 dico
3019 1748 3063 1806 ti

1506 1842 1782 1903 credebat
1810 1862 1873 1903 se
1902 1845 2051 1904 illis·

1506 1955 1579 1997 eo
1608 1936 1769 2014 quod
1797 1956 2007 1997 omnes
2037 1955 2147 1997 nos

1503 2041 1591 2091 set
1610 2061 1625 2077 ·
1689 2030 1809 2090 ”et
1837 2038 1980 2107 qiim
2009 2050 2133 2091 non

1501 2142 1742 2184 necesse
1770 2124 2025 2184 habebat

1496 2226 1562 2276 ut
1590 2218 1795 2296 aliquis
1822 2218 2054 2278 testimo

1497 2312 1660 2371 nium
1688 2312 1975 2389 periberet

741 2535 995 2596 com⁰dit
1011 2535 1471 2616 me--¹⁸Respon
1500 2540 1576 2600 de
1604 2539 1845 2598 homine
1870 2570 1884 2585 ·
1946 2539 2073 2616 ipse

743 2629 952 2689 derunt
979 2648 1123 2708 ergo
1153 2631 1309 2691 iudei

742 2733 801 2781 et
830 2724 1095 2783 dixerunt
1123 2725 1179 2783 ei
1202 2755 1216 2771 ·

1495 2634 1655 2692 enirn
1684 2633 1908 2692 sciebat
1934 2632 2077 2709 quid

1494 2735 1643 2786 essset
1671 2726 1733 2784 in
1760 2725 2000 2785 homine
2025 2757 2039 2772 ·
2058 2759 2141 2768 —-

742 2815 924 2888 Quod
953 2819 1187 2894 signum
1214 2828 1385 2878 osten
1448 2824 1552 2881 *8.
1594 2819 1767 2878 ¹Erat
1793 2829 1987 2877 autem
2016 2817 2200 2878 homo

741 2910 847 2970 des
875 2913 1049 2971 nobis
1131 2919 1273 2990 qum
1302 2913 1413 2973 hec
1447 2913 1567 2974 *ex
1596 2913 1855 2972 farisaeis
1878 2943 1893 2958 ·
1957 2912 2021 2970 ni

740 3003 885 3063 facis
908 3035 923 3050 ·
980 3003 1025 3038 ¹⁹
1047 3002 1379 3082 Respondit
1449 3008 1780 3068 *eodemus
1808 3023 2032 3065 nomen

742 3097 831 3155 ihs
858 3106 919 3155 et
946 3096 1094 3156 dixit
1121 3098 1229 3158 illis
1249 3131 1263 3145 ·

744 3188 963 3249 Soluite
990 3191 1277 3267 templum

737 3282 854 3342 hoc
881 3292 939 3341 et
967 3283 1028 3340 in
1057 3283 1235 3342 tribus
1265 3284 1323 3343 di

738 3377 883 3436 ebus
912 3377 1206 3436 suscitabo
1233 3376 1273 3434 il

740 3470 840 3530 lud
860 3501 874 3516 ·
935 3467 1279 3529 ¹’⁰Dixemnt

737 3580 882 3639 ergo
911 3563 1065 3623 iudei
1093 3563 1315 3640 quadra

736 3658 901 3734 ginta
929 3666 987 3715 et
1016 3675 1118 3716 sex
1148 3658 1320 3718 annis

736 3751 1105 3812 aedificatum
1132 3761 1221 3810 est
1246 3761 1368 3812 tem

733 3843 900 3922 plum
929 3844 1045 3904 hoc
1120 3854 1177 3904 et
1204 3845 1263 3903 in
1292 3846 1363 3904 tri

734 3937 854 3998 duo
882 3939 1190 3998 suscitabis
1217 3939 1355 3998 illud
1379 3971 1393 3986 ·

732 4029 776 4066 ²¹
795 4030 902 4089 Ille
930 4041 1125 4091 autem
1152 4031 1386 4091 dicebat

733 4123 809 4184 de
835 4124 1057 4202 templo
1080 4126 1349 4201 ,corporis

733 4218 822 4278 sui
840 4249 857 4265 ·
918 4215 964 4255 ⁸⁸
981 4236 1117 4278 cum
1144 4236 1287 4296 ergo
1316 4237 1379 4279 re

732 4312 977 4371 surrexit
1004 4330 1039 4370 a
1066 4313 1310 4372 mortuis

1452 3103 1621 3161 *eius
1644 3131 1659 3147 ·
1720 3101 1996 3178 princeps

1452 3193 1839 3253 *iudaeorum
1865 3225 1880 3238 ·
1939 3189 2073 3251 ’hic

1494 3289 1657 3347 uenit
1685 3286 1761 3345 ad
1788 3285 1951 3343 illum
1978 3300 2095 3345 noc

1494 3389 1555 3438 tu
1576 3411 1590 3426 ·
1640 3390 1698 3438 et
1726 3379 1871 3439 dixit
1897 3378 1976 3436 illi
2000 3409 2014 3423 ·
2065 3379 2169 3438 rab

1493 3473 1554 3532 bi
1578 3505 1592 3520 -
1653 3473 1872 3532 scimus
1893 3477 2035 3547 qum
2058 3490 2093 3531 a
2116 3473 2194 3532 do

1492 3567 1701 3625 uenisti
1729 3564 2005 3641 magister
2027 3595 2041 3610 ·

1493 3676 1670 3719 nemo
1700 3657 1857 3718 enim
1886 3657 2033 3718 haec
2062 3659 2153 3737 sig

1491 3771 1570 3812 na
1596 3752 1786 3812 facere
1813 3761 2009 3828 potest

1490 3865 1640 3924 quae
1667 3857 1730 3905 tu
1758 3846 1899 3905 facis
1970 3845 2081 3904 nisi

1490 3943 1562 3999 sit
1591 3940 1660 3999 ds
1688 3956 1824 3999 cum
1851 3939 1951 3998 illo
1975 3969 1990 3985 ·

1488 4031 1510 4066 ⁸
1528 4031 1862 4110 Respondit
1889 4030 1978 4090 ihs
2007 4041 2065 4090 et

1489 4126 1633 4184 dixit
1659 4126 1739 4184 illi
1762 4157 1777 4172 ·
1840 4125 2036 4183 Amen

1486 4237 1659 4278 amen
1690 4218 1822 4278 dico
1848 4219 1951 4276 tibi
1980 4219 2087 4278 nisi

1486 4313 1533 4372 si
1563 4313 1692 4393 quis
1718 4322 1950 4372 renatus
1980 4311 2073 4373 fue

2246 1851 2396 1901 pasoe
2431 1839 2524 1897 bi·
2586 1840 2698 1899 nisi
2727 1840 2858 1917 quis
2887 1858 2950 1900 re

2429 1942 2602 1992 natus
2631 1931 2797 1992 fuerit
2824 1932 2900 1993 de

2428 2043 2581 2103 aqua
2609 2037 2667 2085 et
2695 2032 2806 2103 spu
2827 2058 2841 2073 ·
2902 2045 3026 2088 non

2425 2121 2637 2196 poterit
2663 2121 2899 2181 introire

2425 2215 2487 2271 in
2515 2230 2762 2290 regnum
2792 2215 2852 2274 di
2875 2245 2890 2261 ·

2424 2305 2447 2339 ⁸
2463 2306 2624 2383 quod
2652 2308 2810 2366 enim
2838 2318 3040 2367 natum

2424 2410 2512 2460 est
2541 2399 2614 2459 de
2643 2418 2819 2460 carne
2847 2420 2923 2461 ca

2421 2552 2489 2594 ro
2523 2544 2610 2594 est
2639 2542 2782 2612 qum
2811 2535 2884 2594 de
2912 2553 3011 2596 car

2421 2646 2498 2686 ne
2527 2638 2849 2690 natum.est
2876 2639 2936 2690 et

2421 2723 2582 2800 quod
2609 2732 2810 2780 natum
2839 2731 2928 2782 est

2421 2816 2496 2874 de
2525 2819 2636 2890 spu
2666 2819 2769 2890 sps
2797 2825 2887 2875 est

2419 2908 2441 2941 ⁷
2458 2908 2771 2966 nemineris
2799 2909 2934 2986 quia

2420 3001 2541 3060 dixi
2565 3000 2669 3059 tibi
2700 3013 2931 3078 oportet

2415 3113 2527 3155 uos
2555 3095 2750 3186 denuo
2779 3114 2952 3156 renas

2416 3227 2504 3285 ci·
2547 3223 2569 3259 ⁸
2587 3187 2816 3304 εῗέῗὼῑ
2843 3229 2965 3288 uult

2417 3321 2597 3396 spirat
2624 3332 2682 3379 et
2709 3339 2924 3381 uocem

2414 3413 2564 3474 illius
2592 3415 2758 3475 audis
2783 3447 2796 3461 ·
2851 3415 2954 3474 sed

2415 3508 2606 3567 nescis
2633 3507 2791 3566 unde
2819 3509 2980 3568 uenit

2413 3609 2513 3659 aut
2540 3618 2661 3678 quo
2689 3600 2849 3660 uadit
2867 3633 2882 3648 ·

2413 3695 2510 3754 Sic
2538 3704 2596 3754 et
2623 3695 2818 3753 omnis
2846 3696 2946 3772 qui
2974 3715 3052 3756 na

2410 3797 2502 3848 tus
2532 3799 2622 3848 est
2649 3807 2724 3847 ex
2755 3794 2865 3865 spu
2887 3820 2902 3836 ·

2411 3881 2772 3958 'Respondit
2801 3883 3015 3943 nicode

2409 3993 2540 4034 mus
2569 3985 2626 4036 et
2656 3977 2800 4035 dixit
2827 3977 2882 4035 ei

2408 4069 2712 4146 quomodo
2742 4080 2990 4148 possunt

2406 4162 2550 4224 haec
2578 4165 2702 4223 fieri
2726 4194 2741 4210 ·
2805 4162 2849 4197 ¹⁰
2865 4163 2989 4224 Res

2406 4258 2644 4335 spondit
2672 4257 2762 4317 ihs
2789 4267 2848 4316 et
2875 4259 3021 4317 dixit

2404 4351 2458 4410 ei
2482 4381 2496 4396 ·
2562 4349 2660 4410 Tu
2689 4369 2752 4410 es
2778 4351 2989 4413 doctor

2402 4445 2476 4504 isi
2504 4447 2541 4514 †
2558 4455 2616 4504 et
2641 4444 2750 4505 hec
2783 4445 3023 4522 ignoras

3351 322 3445 387 [11.
3473 326 3672 389 15-111.
3701 334 3781 387 17.

3189 530 3232 565 ¹¹
3244 531 3440 592 Amen
3469 552 3644 592 amen
3672 533 3808 592 dico

3187 627 3289 686 tibi
3320 633 3462 705 qiim
3491 628 3651 703 quod

3185 721 3460 779 nouimus
3487 720 3648 796 loqui

3184 831 3316 872 mur
3336 844 3350 859 ·
3415 822 3474 873 et
3501 813 3664 890 quod
3691 814 3751 871 ui

3183 906 3376 967 dimus
3403 907 3646 968 testifica

3181 1016 3314 1059 mur
3408 1011 3466 1059 et
3491 1001 3725 1061 testimo

3184 1094 3347 1152 nium
3370 1104 3636 1153 nostrum

3185 1203 3307 1245 non
3336 1187 3596 1264 accipitis
3616 1218 3630 1233 ·
3695 1184 3810 1247 ”Si

3181 1281 3470 1340 terrestria
3497 1280 3616 1340 dixi

3181 1374 3353 1433 uobis
3383 1384 3442 1433 et
3469 1392 3590 1434 non
3620 1392 3719 1434 cre

3183 1466 3317 1525 ditis
3336 1498 3350 1513 ·
3416 1466 3722 1543 quomodo

3183 1560 3231 1617 si
3260 1560 3514 1619 celestea
3542 1560 3748 1619 dixero

3180 1654 3352 1711 uobis
3380 1654 3628 1713 credetis
3650 1684 3664 1699 ·

3181 1744 3310 1805 ιἘῑ
3338 1764 3518 1805 nemo
3547 1746 3824 1806 ascendet

3180 1839 3244 1897 in
3272 1839 3436 1899 caelo
3519 1840 3632 1899 nisi
3660 1840 3759 1917 qui

3181 1932 3255 1991 de
3286 1932 3413 1992 celo
3443 1934 3744 1993 descendit

3180 2026 3332 2086 filius
3357 2026 3612 2086 hominis
3639 2028 3738 2104 qui

3179 2130 3269 2178 est
3298 2120 3359 2178 in
3388 2120 3552 2179 caelo
3582 2151 3596 2167 ·
3657 2120 3703 2154 ¹⁴
3721 2120 3851 2183 etsi

3179 2224 3275 2271 cut
3303 2230 3537 2291 moyses
3565 2214 3758 2273 exalta

3176 2306 3261 2365 uit
3288 2317 3621 2384 serpentem
3648 2308 3710 2365 in

3177 2531 3410 2591 deserto
3432 2563 3446 2578 ·
3507 2533 3592 2592 sic
3622 2533 3755 2593 exal

3176 2625 3283 2683 tari
3311 2635 3541 2702 oportet
3569 2627 3650 2685 fili

3175 2734 3277 2775 um
3304 2716 3558 2779 hominis
3575 2751 3591 2766 ·
3657 2719 3701 2754 ¹⁸
3717 2729 3780 2780 ut

3175 2811 3371 2870 omnis
3399 2813 3500 2889 qui
3528 2813 3709 2873 credit

3175 2906 3235 2964 in
3263 2923 3398 2966 eum
3426 2924 3549 2966 non
3575 2925 3714 2984 pere

3171 3007 3231 3057 at
3313 2999 3418 3058 sed
3445 2999 3658 3060 habeat
3683 3000 3744 3060 ui

3172 3101 3292 3151 tam
3319 3103 3618 3154 aeternam
3640 3125 3655 3141 ·

3171 3185 3214 3220 ¹⁶
3231 3185 3328 3246 Sic
3355 3189 3516 3247 enim
3543 3188 3741 3250 dilexit
3775 3191 3845 3250 ds

3169 3281 3327 3339 hunc
3354 3282 3641 3341 mundum
3663 3315 3679 3330 ·

3167 3385 3231 3432 ut
3259 3374 3440 3433 filium
3467 3393 3639 3434 suum
3666 3395 3706 3437 u

3167 3468 3496 3544 nigenitum
3525 3470 3690 3530 daret

3167 3571 3231 3620 ut
3258 3563 3454 3622 omnis
3480 3565 3582 3640 qui
3610 3583 3708 3624 cre

3167 3655 3252 3715 dit
3281 3657 3342 3714 in
3371 3667 3508 3715 eum
3537 3676 3660 3717 non
3688 3677 3766 3736 pe

3165 3759 3290 3808 reat
3359 3749 3464 3808 sed
3493 3750 3707 3812 habeat

3163 3844 3344 3902 uitam
3373 3855 3670 3904 aeternam

3164 3935 3208 3970 ¹⁷
3224 3935 3367 3996 Non
3395 3939 3554 3996 enim
3582 3940 3739 4000 misit
3769 3941 3839 4000 ds

3162 4030 3342 4088 filium
3371 4048 3538 4090 suum
3569 4033 3629 4091 in

3159 4123 3315 4183 hunc
3344 4125 3627 4185 mundum

3158 4228 3222 4276 ut
3249 4219 3462 4277 iudicet
3487 4221 3714 4280 mundi!

3161 4312 3266 4372 sed
3292 4321 3355 4370 ut
3382 4313 3634 4374 saluetur
3660 4331 3803 4376 mun

3920 535 4062 584 1¹01.
4079 534 4223 581 208-
