4373 5048
794 351 917 415 126
2206 354 2378 418 SEC
2398 384 2411 399 ·
2433 383 2471 448 ··
3490 363 3585 429 [Χ.
3617 380 3808 434 ¹4-35·

493 526 620 579 rol.
643 529 766 577 182.
789 525 991 586 talium
1020 534 1108 585 est
1135 526 1294 584 enirn
1544 526 1704 586 ciens
1731 544 1868 586 eum
1895 544 1965 587 os
2351 534 2438 585 tes
2468 525 2542 585 ad
2573 535 2757 585 semet
2783 526 2847 604 ip
3102 522 3145 558 ³¹
3166 522 3342 584 Multi
3370 534 3563 586 autem
3830 531 3955 581 ποι.
3978 530 4105 580 m.

787 638 1041 697 regnum
1069 620 1130 679 di
1545 619 1768 679 culatus
1796 630 1884 680 est
1911 620 1950 679 il
2352 633 2451 679 sos
2470 650 2485 665 ·
2558 629 2619 677 et
2646 620 2777 695 quis
2807 638 2889 697 po
3011 669 3016 674 .
3102 628 3273 679 erunt
3299 620 3473 697 primi
3502 638 3584 681 no

787 713 834 749 ¹⁸
849 715 1047 774 Amen
1077 714 1208 773 dico
1234 713 1408 774 uobis
1542 711 1665 771 lum
1689 745 1702 760 ·
1765 722 1826 772 et
1853 714 1996 773 dixit
2023 714 2078 773 ei
2352 724 2463 773 test
2492 712 2688 772 saluos
2716 712 2839 772 fieri
2869 745 2884 761 ·
3102 713 3324 772 nissimi
3388 714 3467 773 Et
3494 716 3663 775 nouis

790 809 1146 885 quicumque
1175 824 1298 866 non
1541 823 1725 865 unum
1753 808 1856 865 tibi
1883 806 1958 867 de
2349 804 2393 839 ⁸⁷
2409 806 2488 865 Et
2514 808 2745 866 intuens
2771 807 2901 867 illos
3102 807 3235 865 simi
3268 807 3439 885 primi
3463 836 3478 853 ·
3502 838 3518 854 ·

787 902 1070 979 receperit
1095 920 1202 979 reg
1542 911 1630 960 est
1651 932 1666 947 ·
1731 900 1900 960 Uade
1929 919 2078 979 quae
2350 900 2440 959 ihs
2467 900 2611 959 dixit
2642 933 2655 947 ·
2705 901 2863 979 apud
2887 899 2969 961 ho
3052 894 3083 931 *
3104 901 3149 935 ³⁸
3166 900 3339 960 Erant
3365 913 3561 961 autem
3588 902 3651 961 in
3678 901 3775 963 uia

790 1013 934 1054 num
962 994 1022 1054 di
1049 995 1198 1055 sicut
1226 1012 1306 1071 pu
1543 1012 1796 1072 cumque
1815 994 1998 1054 habes
2348 994 2539 1054 mines
2567 994 2805 1072 quidem
3053 992 3083 1026 *
3102 996 3480 1056 ascendentes

786 1108 851 1149 er
879 1107 1002 1148 non
1031 1090 1265 1147 intrabit
1539 1088 1729 1147 uende
1813 1097 1870 1148 et
1897 1088 1974 1149 da
2000 1104 2118 1166 pau
2348 1088 2685 1165 inpossibile
2722 1098 2811 1149 est
3052 1090 3086 1126 ¹⁸¹
3103 1088 3499 1167 hierosolyma
3517 1122 3533 1139 ·

784 1184 847 1241 in
875 1183 1016 1242 illud
1040 1212 1055 1229 ·
1119 1181 1162 1215 ¹⁶
1183 1182 1261 1241 Et
1289 1197 1408 1241 con
1540 1181 1774 1257 peribus
1793 1210 1808 1227 ·
1905 1182 1984 1242 Et
2010 1181 2162 1241 habe
2349 1181 2455 1241 sed
2482 1200 2605 1241 non
2632 1183 2789 1261 apud
2816 1182 2917 1242 dffi
2937 1212 2953 1231 ο
3056 1182 3085 1215 *
3103 1182 3183 1241 Et
3209 1183 3597 1260 praecedebat

785 1294 1009 1338 uocans
1037 1294 1140 1336 eos
1167 1276 1228 1335 in
1539 1274 1629 1333 bis
1657 1274 1971 1334 thensauru
2351 1272 2570 1334 Omnia
2598 1276 2759 1336 enim
2785 1294 2897 1354 pos
3056 1274 3085 1309 ⁴
3106 1277 3236 1336 illos
3264 1278 3354 1337 ihs
3422 1287 3481 1338 et
3508 1297 3589 1355 pa

787 1371 1048 1448 ponebat
1075 1387 1286 1429 manus
1541 1369 1601 1427 in
1631 1367 1794 1429 caelo
1822 1378 1880 1429 et
1905 1370 2043 1429 ueni
2350 1368 2537 1429 sibilia
2564 1380 2696 1429 sunt
2725 1368 2883 1448 apud
3100 1372 3319 1431 uebant
3340 1402 3355 1419 ·
3426 1380 3486 1431 et
3512 1391 3577 1432 se

785 1482 958 1542 super
983 1464 1110 1525 illos
1139 1473 1198 1523 et
1541 1479 1782 1539 sequere
1810 1480 1908 1521 me
1935 1462 2020 1523 tol
2349 1461 2451 1521 ἀῶ
2474 1494 2489 1511 ·
2511 1494 2526 1510 ·
2548 1495 2562 1510 ·
2613 1461 2657 1497 ²⁸
2672 1464 2752 1524 Et
2778 1482 2891 1524 coe
3100 1474 3349 1541 quentes
3376 1466 3517 1525 time

785 1557 1170 1617 benedicebat
1195 1574 1300 1619 eos
1322 1588 1337 1605 ·
1541 1555 1668 1613 lens
1697 1574 1934 1615 crucem
1953 1586 1967 1603 ·
1999 1586 2039 1601 -
2350 1556 2435 1635 pit
3100 1558 3242 1616 bant
3262 1590 3275 1605 ·
3301 1588 3317 1605 ·
3344 1589 3359 1606 ·
3430 1557 3510 1618 Et
3536 1558 3683 1619 adsu

789 1652 834 1685 ¹⁷
851 1651 928 1711 Et
957 1669 1096 1711 cum
1123 1651 1380 1727 procede
1540 1646 1585 1681 ²²
1599 1648 1680 1707 At
1705 1649 1800 1709 ille
1829 1650 2044 1711 contris
2612 1660 2808 1728 petrus
3101 1668 3271 1709 mens
3300 1652 3510 1711 iterum

787 1755 875 1804 ret
900 1746 960 1804 in
988 1744 1086 1803 uia
1113 1762 1290 1804 occur
1541 1752 1693 1803 tatus
1722 1752 1810 1803 est
1839 1744 1898 1801 in
1927 1743 2042 1804 hoc
2350 1740 2539 1804 dicere
2569 1744 2647 1803 illi
2666 1776 2681 1791 ·
2753 1762 2897 1805 ecce
3101 1743 3411 1805 duodecim
3434 1776 3451 1792 ·
3520 1764 3629 1807 coc

785 1857 921 1899 rens
947 1856 1100 1898 unus
1128 1839 1206 1898 ad
1233 1856 1312 1916 ge
1539 1838 1718 1897 uerbo
1797 1846 1857 1897 et
1884 1837 2024 1897 abiit
2350 1854 2461 1897 nos
2488 1838 2821 1916 reliquimus
3102 1837 3189 1915 pit
3216 1837 3327 1897 illis
3356 1837 3485 1897 dice

787 1951 969 1993 nuam
998 1933 1122 1992 eius
1155 1950 1218 1992 se
1541 1930 1720 1991 tristis
1745 1962 1759 1977 ·
1817 1930 1972 1991 habe
2350 1931 2551 1991 omnia
2582 1942 2641 1991 et
2669 1950 2809 1991 secu
3102 1950 3164 1990 re
3234 1950 3383 2009 quae
3411 1933 3467 1992 ei
3494 1950 3559 1993 es

787 2026 1033 2087 uoluens
1061 2042 1208 2103 roga
1542 2026 1643 2084 bat
1672 2034 1864 2083 autem
1894 2024 2014 2085 diui
2350 2026 2391 2084 ti
2420 2043 2621 2085 sumus
2649 2035 2705 2085 te
2730 2057 2743 2072 ·
3102 2035 3233 2084 sent
3257 2036 3500 2086 uentura

787 2120 889 2179 bat
917 2120 1118 2178 dicens
1136 2148 1152 2165 ·
1541 2118 1650 2177 tias
1683 2118 1895 2177 multas
1913 2146 1975 2165 ·-
2348 2117 2393 2153 ⁹⁰
2412 2117 2804 2196 Respondens
2834 2138 2909 2179 au
3104 2118 3149 2153 ³⁸
3164 2117 3321 2191 Quia
3348 2136 3485 2179 ecce
3514 2136 3695 2180 ascen

784 2214 1062 2290 magister
1089 2213 1247 2271 bone
1539 2208 1585 2243 ²⁸
1600 2210 1678 2270 Et
1705 2200 2110 2289 cire'iiicumspi
2347 2221 2467 2271 tem
2494 2212 2583 2272 ihs
2612 2212 2754 2272 dixit
3104 2211 3296 2272 dimus
3328 2212 3563 2274 hieroso

782 2307 927 2385 quid
954 2305 1165 2366 faciam
1185 2314 1249 2364 ut
1539 2305 1705 2365 ciens
1733 2305 1822 2363 ihs
1842 2336 1856 2352 ·
1941 2305 2088 2365 dixit
2347 2304 2543 2365 Arnen
2573 2306 2703 2367 dico
2730 2308 2903 2368 uobis
3102 2306 3259 2385 lyma
3278 2338 3293 2354 ·
3362 2315 3423 2365 et
3448 2306 3601 2368 filius

783 2401 966 2461 uitam
991 2410 1290 2460 aeternam
1539 2398 1840 2476 discipulis
1881 2399 2000 2459 suis
2350 2418 2530 2460 nemo
2556 2410 2642 2460 est
2670 2401 2771 2479 qui
2798 2420 2862 2461 re
3103 2400 3359 2460 hominis
3398 2408 3485 2459 tra

787 2532 1124 2612 possideam
1149 2564 1162 2579 ·
1185 2560 1270 2576 -
1543 2549 1721 2608 quam
1751 2530 1980 2591 difficile
2350 2532 2556 2610 linquit
2584 2532 2831 2593 domurn
2854 2563 2869 2580 ·
2927 2543 2933 2550 ·
3104 2531 3271 2591 detur
3297 2532 3543 2610 principi

789 2628 831 2662 ¹⁸
851 2627 951 2686 Ihs
979 2635 1178 2687 autem
1204 2625 1348 2685 dixit
1543 2625 1644 2701 qui
1671 2624 1900 2684 diuitias
1931 2625 2152 2684 habent
2351 2635 2451 2686 aut
2478 2624 2677 2686 fratres
2706 2655 2723 2674 ο
3104 2627 3214 2685 bus
3252 2626 3560 2685 sacerdotii

787 2721 866 2781 illi
946 2720 1087 2798 quid
1115 2737 1212 2779 me
1240 2719 1302 2778 di
1541 2718 1604 2777 in
1631 2735 1878 2795 regnum
1908 2718 1966 2777 di
1994 2718 2056 2778 in
2352 2729 2451 2778 aut
2478 2737 2707 2780 sorores
2738 2751 2753 2768 ·
2789 2753 2802 2768 ·
3102 2726 3161 2778 et
3188 2719 3390 2778 scribis
3454 2719 3535 2778 Et

788 2816 872 2876 cis
899 2817 1124 2876 bonum
1182 2831 1259 2873 ne
1541 2813 1776 2871 trabunt
1798 2843 1813 2859 ·
1883 2809 1930 2846 ²¹
1946 2812 2092 2872 disci
2352 2823 2451 2873 aut
2478 2823 2725 2874 matrem
3104 2811 3585 2873 condemnabunt

786 2927 890 2970 mo
915 2911 1110 2968 bonus
1191 2907 1302 2967 nisi
1543 2905 1665 2983 puli
1693 2915 1888 2966 autem
1917 2906 2042 2966 eius
2352 2917 2451 2967 aut
2478 2917 2703 2986 patrem
3103 2922 3239 2965 eum
3267 2905 3439 2966 morti
3457 2938 3470 2952 ·
3494 2933 3579 2949 -—-

786 3021 937 3063 unus
965 3004 1034 3063 ds
1055 3035 1068 3050 ·
1139 2999 1184 3036 ¹⁹
1202 3019 1308 3080 pre
1544 3001 1838 3077 pauebant
1867 2999 1926 3058 in
1953 3017 2058 3058 uer
2351 3011 2451 3061 aut
2478 3019 2719 3062 uxorern
2751 3032 2765 3048 ·
3103 2997 3181 3058 Et
3207 2998 3435 3058 tradent
3463 3017 3601 3066 eum

787 3107 958 3175 cepta
978 3096 1132 3156 nosti
1151 3126 1166 3143 ·
1544 3093 1634 3153 bis
1663 3093 1784 3152 eius
1804 3122 1819 3140 ·
1887 3103 1946 3153 at
1973 3093 2062 3152 ihs
2352 3105 2451 3156 aut
2478 3095 2629 3156 filios
3102 3093 3375 3169 gentibus
3437 3093 3480 3126 ³⁴
3502 3092 3583 3153 Et
3608 3095 3672 3154 in

788 3209 864 3250 ne
893 3189 1245 3250 adulterabis
1263 3219 1277 3236 ·
1543 3203 1738 3246 rursus
1766 3187 1843 3246 ait
1877 3187 1987 3246 illis
2352 3198 2451 3248 aut
2477 3207 2650 3268 agros
2678 3205 2829 3268 prop
3104 3185 3303 3245 ludent
3330 3204 3467 3246 eum
3488 3219 3503 3234 ·

787 3303 864 3344 ne
893 3284 1132 3344 occidas
1546 3281 1674 3341 Filii
1758 3299 1936 3358 quam
1965 3280 2138 3342 diffici
2350 3293 2438 3343 ter
2462 3301 2561 3342 me
2615 3293 2673 3343 et
2698 3301 2849 3361 prop
3105 3288 3165 3340 et
3191 3289 3525 3357 conspuent

787 3396 864 3438 ne
893 3378 1100 3437 fureris
1545 3373 1600 3434 le
1629 3385 1716 3434 est
1743 3374 1976 3434 cofiden
2351 3387 2437 3437 ter
2462 3377 2835 3453 euangelium
3104 3391 3243 3433 eum
3300 3373 3380 3432 Et
3406 3373 3487 3434 fla

785 3490 863 3532 ne
891 3471 1098 3532 falsum
1125 3470 1358 3531 testimo
1543 3475 1632 3528 tes
1657 3468 1718 3526 in
1749 3469 2012 3546 pecuniis
2350 3471 2396 3506 ⁸⁰
2412 3472 2511 3549 qui
2539 3490 2663 3532 non
2690 3472 2934 3550 accipiet
3104 3467 3401 3545 gellabunt
3426 3473 3502 3526 eil

789 3566 953 3626 nium
982 3565 1193 3624 dixeris
1215 3595 1230 3611 ·
1544 3580 1790 3639 regnum
1819 3563 1877 3621 di
1905 3564 1965 3621 in
2353 3566 2614 3625 centiens
2642 3572 2807 3625 tanti-1
3348 3561 3428 3620 Et
3459 3579 3561 3621 cru

792 3677 868 3718 ne
897 3658 1098 3719 fraude
1131 3659 1340 3719 feceris
1362 3689 1378 3706 ·
1545 3657 1718 3716 troire
1743 3687 1757 3702 ·
1829 3655 1873 3691 ²⁸
1889 3656 2043 3718 facili
2352 3661 2413 3719 in
2448 3661 2564 3720 hoc
2591 3668 2857 3738 tempore
3106 3655 3345 3733 cifigent

797 3751 1051 3813 Honora
1076 3762 1303 3830 patrem
1544 3769 1614 3810 us
1643 3759 1732 3810 est
1760 3761 1956 3812 autem
1985 3766 2057 3812 ca
2353 3753 2565 3813 domos
2652 3763 2753 3812 aut
2779 3754 2869 3814 fra
3108 3768 3245 3810 eum
3267 3780 3282 3797 ·
3353 3749 3431 3810 Et
3458 3759 3597 3828 post

791 3856 850 3905 et
877 3855 1124 3906 matrem
1143 3876 1157 3892 ·
1179 3876 1222 3891 -
1544 3846 1764 3905 melum
1792 3863 1896 3923 per
1922 3845 1984 3906 fo
2351 3857 2465 3907 tres
2496 3879 2511 3894 ·
2596 3856 2696 3906 aut
2942 3878 2949 3884 ·
3106 3845 3341 3903 tertium
3371 3843 3531 3904 diem

791 3937 838 3972 ²⁰
853 3940 936 3999 At
961 3939 1056 4000 ille
1085 3957 1303 4017 respon
1542 3958 1748 3999 ramen
1779 3958 1920 4000 acus
2353 3959 2581 4002 sorores
2612 3971 2627 3988 ·
2711 3952 2812 4001 aut
2840 3957 2941 4003 ma
3106 3946 3371 4013 resurget
3391 3967 3406 3984 ·

790 4033 938 4093 dens
967 4033 1109 4093 dixit
1135 4051 1234 4093 ma
1543 4033 1784 4092 transire
1804 4063 1820 4080 ·
1883 4051 2061 4111 quam
2350 4045 2499 4095 trem
2518 4067 2532 4082 ·
2579 4047 2637 4094 et
2656 4035 2811 4096 filios
3041 4079 3050 4084 .
3106 4033 3152 4066 ⁸⁶
3168 4031 3244 4091 Et
3272 4040 3647 4092 accesserunt

789 4127 967 4204 gister
992 4127 1192 4188 omnia
1397 4129 1404 4138 “
1543 4128 1781 4186 diuitem
1809 4127 1872 4186 in
1899 4147 2003 4204 reg
2352 4139 2410 4189 et
2438 4147 2609 4206 agros
2637 4140 2773 4207 post
2800 4147 2905 4208 per
3086 4126 3182 4186 ‚ad
3209 4143 3346 4186 eum
3374 4127 3585 4186 iacobo

790 4221 901 4281 hec
930 4221 1240 4281 obseruaui
1543 4237 1687 4279 num
1717 4220 1776 4279 di·
1803 4221 2034 4282 introire
2353 4223 2749 4283 secutionibus
2774 4255 2788 4270 ·
3106 4222 3217 4281 bus
3246 4231 3303 4281 et
3330 4221 3621 4281 iohannes

789 4333 826 4374 a
852 4315 1145 4376 iuuentute
1173 4331 1308 4376 mea
1541 4316 1586 4351 ⁹⁶
1603 4315 1686 4374 At
1711 4314 1797 4373 illi
1817 4315 2008 4392 magis
2034 4315 2193 4376 admi
2351 4325 2409 4376 et
2436 4317 2497 4374 in
2524 4327 2751 4377 u‘mturo
2778 4316 3017 4378 saeculo
3106 4317 3188 4375 fili
3216 4315 3449 4376 zebedei
3477 4315 3537 4374 di

787 4406 829 4441 ²¹
847 4409 948 4469 Ihs
976 4419 1168 4472 autem
1195 4409 1350 4486 respi
1541 4410 1818 4468 rabantur
1883 4409 2056 4470 dicen
2350 4411 2532 4471 uitam
2562 4420 2859 4472 aeternam
3106 4421 3305 4471 centes
3325 4440 3341 4457 ·
3408 4408 3599 4486 magis
