4373 5048
643 373 733 424 x1.
758 364 981 432 21-47.]
1966 356 2284 418 LUCAN
2304 386 2318 402 ·
3563 373 3638 437 91

326 541 451 591 ποι.
474 543 593 592 119.
640 532 703 593 in
731 553 877 612 pace
906 544 1039 593 sunt
1068 552 1139 593 ea
1165 552 1279 611 que
1394 544 1451 593 et
1478 533 1735 593 faciunt·
1781 534 1825 567 ²⁹
1842 533 2024 595 turbis
2195 542 2381 593 totum
2409 550 2622 611 corpus
2651 539 2752 593 tufi
2945 531 3230 591 mundata
3257 542 3390 591 sunt
3415 549 3496 592 uo
3671 542 3934 592 roL120.

637 628 896 705 possidet
914 659 930 673 ·
974 625 1019 659 ¹²
1038 626 1097 686 Si
1126 646 1199 686 au
1392 637 1587 687 autem
1616 644 1940 686 coneurren
2192 626 2450 685 lucidum
2477 627 2582 686 erit
2600 658 2614 672 ·
2945 626 3036 685 bis
3059 656 3074 671 ·
3119 623 3164 657 ⁴²
3181 624 3296 685 Sed
3323 644 3435 685 uae

639 729 759 780 tem
786 720 987 781 fortior
1014 721 1114 781 illo
1390 722 1545 781 tibus
1563 751 1577 767 ·
1649 721 1845 797 coepit
1872 719 2002 780 dice
2193 718 2348 779 Cum
2376 732 2572 779 autem
2599 725 2794 799 nequa
2944 719 3116 780 uobis
3145 718 3373 778 farisei·
3434 720 3535 797 qui

637 816 1031 891 superuenerit
1387 830 1451 871 re
1478 812 1567 872 ihs
1596 814 1891 890 generatio
2191 811 2360 872 fuerit
2425 814 2600 873 etiam
2629 831 2731 873 cor
2943 812 3245 872 decimatis
3281 819 3482 871 menta

634 916 694 966 et
723 908 923 967 uicerit
948 926 1085 967 eum
1103 938 1118 955 ·
1188 908 1290 967 uni
1388 904 1531 965 haec
1562 908 1861 984 generatio
1882 939 1895 953 ·
1948 926 2026 967 ne
2189 924 2300 983 pus
2327 917 2490 967 tuum
2517 908 2702 968 obscu
2943 914 3002 965 et
3027 916 3216 965 rutam
3243 917 3301 965 et
3328 924 3508 966 omne
3543 938 3552 950 ·

636 1017 804 1061 uersa
830 1020 993 1061 arma
1018 1003 1141 1061 eius
1388 1017 1505 1078 qua
1533 1009 1620 1058 est
1688 1002 1924 1077 signum
2189 1018 2316 1059 rum
2345 1002 2450 1060 erit
2472 1031 2487 1048 ·
2551 1000 2746 1078 ³⁸Aspi
2942 997 3114 1058 holus
3134 1030 3148 1045 ·
3217 1009 3275 1059 et
3305 1000 3514 1077 preteri

633 1094 850 1153 auferet
872 1096 933 1153 in
960 1096 1172 1171 quibus
1387 1095 1571 1171 querit
1596 1104 1653 1155 et
1682 1113 1805 1154 non
1833 1095 1969 1154 dabi
2189 1110 2257 1153 ce
2285 1112 2426 1171 ergo
2453 1113 2528 1154 ne
2549 1094 2710 1172 quod
2939 1092 3012 1151 tis
3039 1091 3315 1153 iudicium
3343 1105 3401 1153 et
3428 1095 3546 1155 cari

633 1188 965 1247 confidebat
1032 1198 1089 1248 et
1116 1208 1225 1266 spo
1385 1196 1476 1245 tur
1502 1188 1585 1247 illi
1610 1189 1722 1247 nisi
1752 1189 1922 1265 signu
2186 1186 2385 1245 lumen
2412 1196 2500 1246 est
2527 1188 2588 1245 in
2616 1198 2672 1247 te
2701 1197 2760 1246 te
2939 1196 3120 1247 tatem
3148 1186 3207 1245 di
3226 1217 3243 1234 ·
3309 1187 3482 1247 Haec

630 1280 707 1341 lia
734 1283 1033 1341 distribuet
1384 1282 1555 1341 ionae
1585 1282 1840 1360 profetae
2183 1280 2362 1339 nebre
2390 1281 2504 1339 sint
2525 1312 2540 1327 ·
2589 1280 2632 1313 ⁸⁸
2649 1280 2697 1339 si
2725 1297 2790 1339 er
2941 1280 3098 1339 enim
3127 1282 3385 1359 oportuit
3414 1281 3542 1342 face

628 1374 674 1410 ’⁸
692 1374 811 1447 Qui
839 1394 963 1435 non
988 1385 1077 1435 est
1096 1394 1331 1437 mecum
1382 1374 1427 1407 ⁸⁰
1446 1374 1603 1434 Nam
1628 1376 1775 1433 sicut
1795 1375 1898 1433 fuit
1919 1374 2083 1434 ionas
2185 1391 2266 1449 go
2295 1390 2512 1451 corpus
2539 1382 2704 1432 tuum
2939 1392 3000 1433 re
3026 1385 3083 1433 et
3109 1375 3206 1433 illa
3233 1393 3356 1433 non
3386 1376 3533 1435 omit

628 1469 908 1529 aduersus
936 1488 1031 1529 me
1058 1479 1146 1529 est
1380 1470 1609 1545 signum
1639 1469 1905 1527 nineuitis
1928 1500 1942 1514 ·
2116 1472 2125 1479 ’
2186 1466 2484 1527 lucernam
2514 1486 2637 1527 non
2665 1467 2744 1527 ha
2938 1474 3060 1527 tere
3082 1498 3098 1514 ·
3122 1499 3137 1515 ·
3159 1500 3172 1513 ·
3225 1468 3269 1503 ⁴⁸
3287 1467 3415 1528 Uae
3443 1469 3613 1528 uobis

627 1560 706 1621 Et
733 1562 834 1639 qui
862 1581 985 1622 non
1013 1564 1231 1639 colligit
1378 1562 1473 1621 Ita
1500 1564 1605 1622 erit
1631 1572 1689 1622 et
1718 1562 1867 1621 filius
1896 1562 1975 1623 ho
2188 1562 2328 1619 bens
2357 1559 2610 1619 lucidam
2683 1561 2763 1620 ob
2936 1558 3126 1619 farisei
3193 1562 3330 1638 quia
3357 1562 3459 1620 dili

626 1672 863 1715 mecum
901 1657 1120 1733 spargit
1144 1688 1158 1703 ·
1381 1656 1552 1715 minis
1580 1658 1876 1733 generatio
2185 1670 2417 1713 scutum
2448 1664 2572 1714 est·
2644 1673 2802 1734 quan
2934 1654 3070 1729 gitis
3098 1655 3316 1731 primas
3344 1654 3516 1714 eathe

625 1746 669 1781 ⁸⁴
692 1748 848 1807 Cum
876 1750 1189 1809 inmundus
1210 1756 1309 1828 sps
1378 1750 1437 1807 ni
1466 1749 1600 1809 huic
1623 1782 1635 1796 ·
1658 1781 1671 1796 ·
1694 1782 1709 1796 ·
1752 1750 1795 1783 ⁸¹
1819 1749 2051 1825 Regina
2183 1757 2246 1806 to
2274 1749 2465 1824 magis
2495 1766 2632 1807 cum
2660 1750 2721 1808 lu
2933 1746 3065 1806 dras
3093 1748 3155 1806 in
3183 1749 3500 1826 synagogis
3531 1798 3538 1803 .

625 1843 829 1903 exierit
855 1844 931 1902 ab
960 1842 1121 1902 homi
1377 1845 1455 1902 ab
1482 1854 1677 1905 austro
1704 1854 1902 1922 surget
2182 1857 2358 1899 cerna
2385 1840 2576 1900 luceat
2603 1842 2665 1899 in
2693 1841 2752 1902 lu
2932 1851 2992 1900 et
3013 1841 3384 1901 salutationes
3411 1843 3474 1902 in

626 1954 702 1995 ne
731 1936 1095 2012 perambulat
1376 1938 1437 1995 in
1465 1937 1682 1998 iudicio
1710 1956 1847 1997 cum
1876 1938 1935 1995 ui
2183 1964 2198 1979 ·
2221 1966 2234 1979 ·
2256 1965 2271 1981 ·
2295 1936 2480 1993 minat
2519 1944 2576 1995 te
2598 1960 2679 1986 ue·
2934 1933 3062 1995 foro
3086 1966 3102 1982 ·
3162 1946 3220 1995 et
3247 1937 3473 2013 primos

623 2047 728 2106 per
754 2030 888 2089 loca
921 2030 1081 2089 arida
1375 2032 1451 2091 ris
1478 2032 1837 2108 generationi
1864 2030 1946 2089 hu
2130 2024 2161 2057 *
2180 2026 2226 2060 ³⁷
2242 2027 2314 2086 In
2342 2046 2415 2086 eo
2443 2038 2638 2090 autem
2667 2047 2802 2088 cum
2824 2030 2883 2089 lo
2934 2028 3250 2089 discubitos
3279 2031 3340 2088 in
3369 2047 3488 2090 con

624 2121 931 2195 Quaerens
958 2124 1215 2200 requiem
1374 2125 1429 2183 ic
1450 2155 1464 2171 ·
1537 2134 1595 2183 et
1622 2125 1953 2183 condemna
2129 2118 2160 2151 *
2180 2130 2451 2198 queretur
2479 2153 2494 2168 ·
2565 2121 2672 2183 fari
2933 2120 3102 2182 uiuiis
3125 2154 3138 2169 ·
3161 2155 3174 2169 ·
3197 2156 3210 2169 ·
3257 2124 3302 2156 ⁴⁴
3318 2123 3446 2183 Uae

620 2226 681 2275 et
706 2234 831 2275 non
858 2218 1161 2277 inueniens
1376 2218 1459 2277 bit
1486 2218 1618 2278 illos
1680 2219 1817 2295 quia
1842 2218 2007 2277 uenit
2127 2213 2158 2246 *
2179 2233 2313 2275 seus
2341 2217 2584 2293 quidam
2609 2235 2678 2276 ro
2931 2217 3106 2275 uobis
3134 2217 3323 2277 scribe
3350 2226 3408 2276 et
3435 2216 3493 2276 fa

622 2308 781 2369 Dicit
848 2320 1095 2370 reuertar
1116 2312 1177 2369 in
1372 2329 1409 2370 a
1438 2312 1651 2371 finibus
1681 2322 1862 2371 terrae
2175 2309 2339 2386 gauit
2365 2310 2526 2370 illum
2553 2321 2617 2370 ut
2643 2318 2717 2371 cu
2929 2310 3098 2369 risaei
3123 2309 3457 2387 hypocritae
3482 2342 3498 2358 ·

623 2402 867 2462 domum
894 2421 1089 2463 meam
1369 2406 1569 2464 audire
1598 2406 1929 2482 sapientia*
2174 2422 2248 2463 eo
2278 2404 2586 2481 pranderet
2607 2436 2621 2451 ·
2690 2404 2770 2465 Et
2930 2404 3072 2480 quia
3098 2415 3485 2464 monumenta

618 2496 772 2556 unde
799 2498 953 2557 exiui
1372 2498 1697 2559 solomonis
1716 2531 1730 2546 ·
1800 2498 1879 2558 Et
1906 2516 2045 2559 ecce
2176 2498 2472 2575 ingressus
2494 2516 2632 2558 recu
2927 2496 3066 2558 estis
3136 2515 3286 2576 quae
3317 2516 3440 2558 non
3467 2517 3546 2578 ap

618 2626 663 2663 ²⁵
678 2628 758 2689 Et
786 2648 924 2690 cum
950 2631 1170 2690 uenerit
1197 2632 1258 2691 in
1372 2631 1504 2708 plus
1530 2631 1624 2690 hic
1651 2648 1830 2708 quam
1860 2630 1989 2690 solo
2178 2627 2302 2686 buit
2323 2660 2338 2674 ·
2380 2627 2424 2662 ⁸⁸
2441 2628 2750 2690 Phariseus
2922 2639 3130 2706 parent
3195 2640 3254 2688 et
3281 2629 3444 2690 homi

618 2724 776 2783 uenit
804 2725 997 2801 scopis
1025 2743 1169 2783 rnun
1372 2741 1517 2784 mon
1536 2754 1550 2770 ·
1593 2722 1637 2756 ⁸²
1653 2723 1779 2782 Uiri
1807 2723 1945 2783 nine
2172 2731 2368 2781 autem
2397 2722 2592 2799 coepit
2929 2741 3034 2782 nes
3063 2723 3425 2783 ambulantes

618 2817 815 2877 datam
843 2827 901 2876 et
928 2827 1184 2877 ornata*
1369 2817 1487 2876 uite
1544 2827 1783 2894 surgent
2172 2815 2322 2874 intra
2349 2833 2412 2875 se
2438 2825 2712 2893 reputans
2929 2835 3106 2894 supra
3131 2816 3225 2875 illa
3253 2817 3414 2877 nesci

616 2907 661 2944 '⁸
682 2910 855 2970 Tunc
887 2911 1047 2970 uadit
1074 2921 1131 2971 et
1151 2913 1297 2972 adsu
1368 2911 1429 2968 in
1456 2910 1671 2970 iudicio
1699 2929 1837 2969 cum
1862 2929 1939 2986 ge
2174 2909 2365 2969 dicere
2434 2927 2613 2986 quare
2641 2927 2765 2968 non
2927 2921 3035 2969 unt
3053 2941 3068 2956 ·
3091 2941 3104 2957 ·
3127 2941 3140 2956 ·
3186 2909 3231 2943 ⁴¹⁵
3253 2909 3498 2987 Respon

616 3005 723 3063 mit
748 3015 975 3080 septem
1009 3005 1153 3066 alios
1366 3004 1663 3063 neratione
1687 3003 1799 3063 hac
1867 3013 1927 3062 et
2173 3004 2426 3080 primum
2454 3003 2687 3080 baptiza
2927 3002 3074 3062 dens
3101 3013 3294 3062 autem
3322 3005 3422 3080 qui

616 3102 717 3172 sps
746 3099 1053 3174 nequiores
1080 3117 1143 3158 se
1367 3097 1844 3156 condemnabunt
1864 3096 1904 3154 il
2165 3106 2262 3156 tus
2289 3107 2376 3156 est
2400 3098 2557 3174 prius
2577 3108 2742 3174 qua-
2926 3096 3066 3156 dam
3093 3115 3166 3156 ex
3195 3097 3465 3175 legisperi

615 3189 694 3249 Et
720 3191 963 3268 ingressi
991 3192 1187 3252 inhabi
1366 3191 1487 3250 lam
1510 3222 1524 3238 ·
1595 3191 1731 3268 quia
1758 3190 1994 3268 peniten
2169 3190 2587 3249 manducaret·
2631 3191 2676 3224 ⁸⁹
2691 3191 2771 3249 Et
2926 3190 2998 3250 tis
3023 3223 3035 3237 ·
3067 3192 3146 3249 ait
3173 3190 3291 3249 illi·
3354 3192 3546 3270 magis

614 3291 739 3342 tant
805 3293 865 3343 et
892 3285 955 3343 fit
983 3288 1153 3344 nouis
1366 3285 1508 3342 tiam
1536 3293 1779 3361 egerunt
1804 3285 1865 3343 in
2172 3283 2315 3343 dixit
2343 3283 2454 3342 dfis
2481 3283 2556 3342 ad
2581 3284 2744 3344 illum
2767 3314 2781 3330 ·
2924 3293 3011 3342 ter
3036 3283 3185 3344 haec
3215 3285 3414 3344 dicens

615 3377 795 3436 simae
823 3377 1153 3440 huiusmodi
1366 3378 1763 3456 predicatione
1793 3379 1964 3440 ionae
2172 3395 2330 3436 nunc
2357 3395 2465 3436 uos
2493 3375 2720 3436 farisaei
2738 3408 2752 3424 ·
2923 3379 3098 3436 etiarn
3126 3389 3184 3438 et
3211 3378 3384 3437 nobis
3413 3396 3529 3438 con

615 3469 867 3530 hominis
892 3472 1012 3532 uita
1036 3491 1111 3549 pe
1365 3471 1443 3530 Et
1471 3490 1611 3532 ecce
1641 3473 1771 3551 plus
1798 3492 1976 3551 quam
2172 3471 2333 3548 quod
2362 3470 2572 3530 deforis
2600 3479 2688 3530 est
2923 3471 3222 3530 tumeliam
3249 3471 3392 3530 sacis
3415 3502 3431 3518 ·

614 3564 703 3623 ior
732 3566 910 3642 priori
932 3598 945 3612 ·
969 3597 984 3612 ·
1005 3599 1091 3610 —
1363 3565 1500 3626 iona
1529 3566 1624 3625 hic
1650 3599 1663 3612 ·
1691 3599 1704 3614 ·
1730 3599 1743 3614 ·
1788 3567 1832 3600 ⁸⁸
1851 3567 2047 3628 Nemo
2170 3565 2362 3625 calicis
2388 3576 2446 3625 et
2474 3565 2649 3624 catini
2676 3583 2820 3623 mun
2923 3565 3052 3624 ⁴‘At
3067 3566 3191 3643 ipse
3213 3566 3294 3625 ait
3311 3597 3325 3612 ·
3368 3565 3626 3628 Etuobis

612 3655 919 3718 ”Factum
948 3671 1035 3718 est
1062 3669 1256 3720 autem
1362 3669 1557 3719 autem
1585 3660 1883 3721 lucernam
2169 3659 2318 3718 datis
2337 3690 2351 3704 ·
2423 3659 2585 3735 quod
2613 3663 2748 3718 aute
2916 3658 3263 3736 legisperitis
3295 3692 3308 3707 ·
3351 3677 3461 3720 uae
3481 3691 3498 3708 ·

613 3770 748 3811 cum
778 3752 925 3812 haec
955 3754 1171 3813 diceret
1362 3754 1631 3814 accendit
1656 3763 1715 3814 et
1742 3755 1803 3813 in
1830 3757 1907 3814 ab
2166 3753 2322 3810 intus
2351 3761 2438 3812 est
2465 3763 2722 3812 uestrum
2918 3753 3020 3832 qui
3049 3751 3344 3813 honeratis
3377 3752 3458 3813 ho

610 3847 893 3906 extollens
920 3865 1131 3906 uocem
1362 3847 1630 3908 scondito
1658 3849 1822 3925 ponit
1840 3879 1855 3896 ·
2163 3847 2404 3923 plenum
2430 3855 2520 3906 est
2543 3846 2747 3922 rapina
2919 3847 3108 3906 mines
3141 3847 3458 3908 honeribus

608 3941 862 4017 quedam
888 3940 1093 4000 mulier
1361 3960 1554 4020 neque
1582 3943 1691 4001 sub
1720 3941 1919 4002 modio
2166 3949 2226 4000 et
2253 3940 2554 4019 iniquitate
2573 3969 2587 3985 ·
2914 3959 3066 4019 quae
3094 3951 3312 4018 portare
3333 3959 3457 4000 non

609 4034 683 4094 de
711 4036 877 4093 turba
946 4034 1089 4093 dixit
1120 4033 1161 4094 il
1363 4034 1480 4095 Sed
1509 4054 1683 4112 super
1710 4035 1985 4098 candela.
2165 4033 2214 4067 ⁴⁰
2232 4033 2398 4093 Stulti
2426 4050 2624 4092 nonne
2652 4033 2753 4110 qui
2781 4031 2836 4094 fe
2915 4045 3164 4113 possunt
3186 4066 3201 4081 ·
3263 4035 3343 4094 Et
3367 4035 3480 4112 ipsi

608 4127 647 4187 li
665 4159 681 4175 ·
706 4160 721 4177 ·
779 4127 997 4188 Beatus
1026 4147 1142 4189 uen
1358 4131 1529 4189 brum
1600 4139 1663 4188 ut
1690 4130 1789 4208 qui
1816 4131 1981 4207 ingre
2165 4129 2244 4187 cit
2312 4126 2471 4204 quod
2497 4126 2632 4186 defo
2915 4147 3040 4189 uno
3071 4130 3252 4208 digito
3279 4141 3473 4189 uestro

608 4231 695 4281 ter
722 4222 821 4299 qui
852 4233 907 4281 te
934 4233 1105 4299 porta
1361 4223 1593 4282 diuntur
1613 4223 1810 4281 lumen
1838 4224 1897 4281 ui
2160 4223 2240 4280 ris
2269 4231 2358 4280 est
2383 4221 2557 4280 etiam
2586 4219 2648 4280 id
2917 4241 3041 4283 non
3070 4225 3304 4300 tangitis
3327 4255 3342 4270 ·

608 4317 693 4375 uit
760 4326 819 4376 et
848 4317 1027 4375 ubera
1054 4334 1206 4395 quae
1361 4317 1566 4376 deant:
1610 4317 1911 4376 “lucerna
1940 4336 2043 4376 cor
2162 4316 2328 4393 quod
2357 4315 2582 4374 deintus
2609 4323 2696 4373 est
2724 4313 2778 4373 fe
2916 4317 2962 4350 ⁴⁷
2987 4316 3114 4376 Uae
3130 4317 3302 4376 uobis
3321 4315 3420 4394 qui
3442 4314 3614 4375 aedifi

609 4410 813 4470 suxisti
836 4442 850 4456 ·
876 4441 890 4456 ·
935 4407 1077 4469 ²⁸Ad
1106 4409 1204 4469 ille
1360 4410 1517 4488 poris
1547 4421 1635 4470 est
1660 4410 1863 4469 oculus
2164 4411 2243 4470 cit
2262 4441 2276 4456 ·
2321 4406 2366 4442 ⁴¹
2383 4408 2615 4467 Tamen
2641 4425 2791 4485 quae
2910 4411 3055 4470 catis
3085 4419 3466 4469 monumenta

606 4503 749 4563 dixit
776 4503 853 4562 ad
882 4520 985 4562 eos
1052 4504 1205 4564 beati
1359 4513 1493 4562 tuus
1515 4534 1531 4550 ·
1604 4504 1758 4564 Cum
1788 4503 1957 4563 fuerit
2163 4512 2300 4562 sunt
2326 4501 2456 4562 date
2483 4502 2779 4578 aelemosy
2911 4504 3268 4583 profetarum
3298 4535 3314 4551 ·
3356 4522 3436 4582 pa

605 4597 705 4674 qui
733 4597 976 4658 audiunt
1003 4598 1185 4657 uerbii
1224 4597 1283 4657 di
1359 4597 1565 4658 oculus
1582 4607 1715 4659 tuus
1752 4596 1997 4674 simplex
2164 4617 2304 4656 nam
2333 4607 2390 4658 et
2417 4614 2554 4658 ecce
2581 4596 2780 4657 omnia
2915 4609 3029 4659 tres
3050 4609 3246 4660 autem
3273 4599 3450 4658 uestri

3180 4713 3218 4754 n
3251 4712 3283 4752 2
