4373 5048
312 526 441 576 1⁸01.
466 530 557 582 ⁸7.

482 4255 487 4260 ·
579 4222 642 4280 in
668 4223 879 4281 umbra
906 4225 1110 4284 mortis

614 371 658 426 1.
688 374 852 437 70-11.
878 373 982 441 αι]

1369 533 1553 613 pedes
1581 544 1814 596 nostros
1840 535 1904 594 in

1367 631 1527 689 uiam
1554 630 1719 707 pacis
1742 662 1757 677 ·
1778 662 1793 677 ·
1835 630 1882 664 ⁸⁰
1898 630 2049 690 Puer

1366 734 1563 783 autem
1592 726 1889 784 crescebat

1365 828 1423 877 et
1450 818 1891 878 confortabatur

1366 912 1431 971 in
1458 917 1571 988 spu
1589 944 1604 959 ·
1668 914 1746 971 Et
1773 922 1893 972 erat
1920 914 1981 973 in

1362 1006 1606 1065 desertis
1633 1024 1820 1083 usque
1848 1008 1910 1065 in

1361 1100 1517 1159 diem
1543 1101 1899 1161 ostensionis

1362 1212 1503 1254 suae
1530 1194 1607 1254 ad
1635 1194 1707 1253 ist
1734 1226 1749 1241 ·
1774 1220 1857 1249 „e-

1499 1288 1539 1347 †
1570 1286 1630 1336 In
1652 1286 1819 1336 natale
1840 1286 1929 1336 dni

1672 1392 1757 1417 m

615 546 855 590 suorum
883 532 985 611 qui
1014 532 1089 591 ab
1116 551 1153 592 e

612 641 693 684 uo
722 634 857 684 sunt
880 658 895 672 ·
938 624 983 659 ⁷¹
1002 636 1061 686 et
1087 628 1269 687 libera

612 720 696 777 uit
723 737 835 778 nos
861 720 937 779 ab
966 721 1217 781 inimicis

612 814 829 872 nostris
926 823 984 873 et
1012 814 1085 874 de
1113 834 1213 874 ma

610 906 786 965 nibus
812 909 1082 968 omnium

609 1000 711 1077 qui
738 1018 850 1059 nos
878 1002 1130 1061 oderunt
1150 1034 1167 1049 ·

606 1089 653 1124 '¹'
668 1092 745 1151 ad
772 1093 1103 1154 faciendam
1130 1096 1213 1156 mi

606 1186 980 1247 sericordiam
1001 1200 1129 1247 cu·-

605 1279 865 1356 patribus
892 1283 1105 1341 nostris
1126 1314 1141 1331 ·

607 1382 667 1432 et
692 1377 1005 1434 memorari
1034 1386 1122 1437 tes

1308 1470 1415 1533 ¹⁸3.
1450 1470 1469 1505 ¹
1488 1470 1733 1531 Factum
1754 1482 1843 1531 est
1863 1482 2054 1532 autem

1302 1565 1333 1599 ”¹
1353 1568 1414 1625 in
1441 1566 1639 1625 diebus
1666 1566 1775 1625 illis
1798 1598 1813 1613 ·
1877 1568 1971 1627 exi

1304 1659 1337 1693 ¹⁸¹
1354 1661 1398 1719 it
1424 1661 1845 1722 edictumsscesa

1356 1773 1418 1813 re
1447 1765 1653 1831 agusto
1678 1766 1743 1815 ut
1769 1774 1879 1834 pro

1349 1848 1604 1909 fiteretu‘r
1630 1844 1834 1911 uniuer

1354 1960 1454 2001 sus
1481 1943 1637 2002 orbis
1666 1954 1849 2003 terrae

1350 2037 1373 2071 ¹
1394 2036 1562 2096 Haec
1591 2038 1877 2115 professio
1906 2040 1993 2116 pri

1349 2148 1449 2191 ma
1476 2130 1628 2191 facta
1654 2144 1741 2193 est
1814 2134 1968 2211 presi

1352 2225 1425 2283 de
1455 2227 1640 2303 syriae
1669 2228 1870 2305 cyrino
1888 2258 1903 2273 ·

1350 2316 1373 2351 ⁸
1390 2328 1448 2378 et
1477 2321 1641 2378 ibant
1667 2339 1875 2381 omnes
1902 2314 1965 2380 ut

1345 2408 1751 2489 profiterentur

604 1470 845 1527 tamenti
874 1470 958 1529 sci
986 1471 1112 1529 sui·

602 1559 649 1595 '⁸
665 1561 1075 1623 Iusiurandum

602 1655 763 1733 quod
790 1656 994 1716 iurauit
1022 1659 1099 1718 ad

600 1749 882 1809 abraham
908 1762 1135 1829 patrem

601 1852 868 1902 nostrum
886 1874 903 1891 ·
967 1845 1012 1878 ⁷⁴
1031 1846 1237 1907 daturii

600 1952 666 1994 se
694 1938 865 1995 nobis
889 1968 904 1984 ·
948 1950 1011 1997 ut
1040 1940 1169 2000 sine

597 2029 811 2090 timore
836 2030 911 2091 de
938 2050 1119 2093 manu

596 2122 966 2184 inimicorum
994 2145 1107 2187 nos

597 2224 819 2277 trorum
847 2219 1069 2279 liberati
1088 2253 1104 2270 ·

597 2313 922 2372 seruiarnus
948 2314 1029 2373 illi
1088 2316 1135 2349 ⁷⁶
1152 2317 1214 2375 in

597 2535 801 2595 scitate
827 2546 885 2596 et
911 2536 1182 2600 iustitiam

596 2646 797 2689 coram
824 2631 955 2708 ipso
975 2664 990 2679 ·
1054 2635 1219 2694 omni

594 2722 705 2782 bus
735 2725 939 2786 diebus
968 2729 1179 2788 nostris

591 2815 639 2850 ‘⁸⁸
654 2816 733 2876 Et
760 2827 821 2876 tu
848 2837 993 2897 puer
1020 2822 1245 2899 profeta

588 2909 849 2970 altissimi
874 2917 1101 2975 uocabe

590 3005 668 3063 ris
686 3035 701 3050 ·
765 3008 1015 3082 praeibis
1041 3009 1201 3070 enim

590 3107 725 3157 ante
754 3097 963 3158 faciem
992 3101 1093 3174 dfii
1120 3121 1199 3179 pa

584 3208 711 3251 rare
738 3193 865 3252 uias
894 3195 1018 3254 eius
1037 3227 1052 3242 ·
1095 3197 1140 3230 ⁷⁷
1157 3198 1233 3257 ad

584 3282 841 3344 dandam
872 3289 1162 3349 scientia-

587 3378 787 3438 salutis
814 3381 999 3457 plebis
1026 3384 1150 3443 eius

584 3471 647 3531 in
673 3476 1076 3536 remissionem

586 3553 964 3642 peccatorum
992 3576 1137 3630 eoru
1155 3601 1170 3618 ·

582 3655 629 3692 '⁸
644 3679 749 3737 per
774 3663 998 3723 uiscera
1024 3665 1221 3724 miseri

583 3755 817 3816 cordiae
844 3756 905 3815 di
933 3758 1117 3817 nostri
1140 3790 1156 3807 ·

582 3847 646 3906 in
674 3849 885 3926 quibus
912 3851 1163 3911 uisitauit
1186 3883 1201 3898 ·

582 3958 695 4000 nos
720 3945 917 4003 oriens
945 3963 1020 4004 ex
1049 3945 1167 4004 alto
1186 3977 1203 3994 ·

580 4033 987 4098 ”inluminare
1013 4038 1123 4098 hos
1151 4038 1253 4116 qui

580 4127 645 4188 in
672 4130 925 4189 tenebris
947 4162 962 4177 ·
1025 4132 1103 4190 Et
1131 4132 1232 4210 qui

1350 2545 1557 2623 sing-uh·
1586 2547 1646 2604 in
1676 2566 1842 2606 suam
1872 2547 1925 2608 ci

1345 2640 1586 2700 uitatem
1610 2672 1623 2687 ·
1667 2643 1691 2674 ⁴
1707 2643 1903 2701 Ascen

1346 2733 1429 2792 dit
1456 2745 1653 2793 autem
1681 2745 1739 2794 et
1765 2736 1969 2813 ioseph

1340 2843 1377 2885 a
1405 2827 1614 2902 galilea
1640 2828 1714 2888 de
1742 2830 1919 2889 ciuita

1342 2929 1401 2978 te
1429 2922 1702 2981 nazareth
1732 2923 1793 2983 in
1821 2924 1881 2982 iu

1340 3015 1515 3074 deam
1543 3015 1605 3075 in
1633 3017 1862 3076 ciuitate

1336 3107 1510 3167 dauid
1543 3128 1693 3187 quae
1720 3120 1963 3170 uocatur

1338 3202 1624 3262 betlehem
1646 3235 1661 3251 ·
1723 3223 1797 3265 eo
1826 3206 1987 3283 quod

1339 3307 1493 3356 esset
1519 3297 1594 3356 de
1623 3297 1805 3359 domo
1833 3309 1890 3360 et

1337 3389 1411 3449 de
1438 3392 1624 3467 patria
1651 3393 1829 3452 dauid
1850 3425 1865 3441 ·

1338 3482 1361 3517 ⁶
1377 3493 1440 3542 ut
1466 3486 1827 3561 profiteretur

1341 3583 1415 3636 cii
1443 3580 1624 3639 maria
1649 3599 1830 3641 uxore
1860 3599 1929 3641 su

1336 3671 1694 3750 desponsata
1720 3675 1775 3734 ei
1798 3707 1813 3722 ·

1339 3784 1477 3824 cum
1504 3778 1657 3828 esset
1683 3769 1745 3826 in
1772 3763 1991 3851 uter[o]

1345 3860 1572 3920 habens
1602 3893 1617 3908 ·
1642 3895 1657 3910 ·
1728 3865 1751 3896 ⁸
1769 3864 1817 3922 F
1818 3871 1952 3924 actu

1335 3963 1425 4014 est
1450 3965 1647 4014 autem
1674 3974 1808 4015 cum
1838 3975 1901 4017 es

1331 4059 1461 4107 sent
1488 4050 1601 4108 ibi·
1670 4051 1941 4128 impletus

1330 4152 1420 4201 est
1447 4143 1571 4202 dies
1598 4155 1662 4202 ut
1690 4156 1916 4222 pareret

1330 4236 1352 4269 ‘¹
1368 4236 1447 4295 Et
1473 4240 1696 4316 peperit
1723 4240 1905 4300 filium

579 4315 785 4376 Sedent
804 4347 819 4364 ·
849 4318 926 4378 ad
944 4318 1281 4396 dirigendos
1332 4347 1505 4391 guum
1532 4334 1886 4413 primogenit
1915 4368 1930 4384 .
1954 4368 1969 4384 .

1931 358 2284 424 LUCAN-

3553 363 3636 436 75

2927 543 2992 593 ut
3019 530 3284 592 discessit
3317 530 3392 591 ab
3420 530 3532 590 illis

2928 626 3173 703 angelus
3201 626 3262 683 in
3290 624 3520 683 caelum
3542 652 3558 671 ·

2925 718 3004 779 Et
3035 720 3302 779 homines
3329 718 3406 777 illi
3433 735 3546 795 pas

2925 821 3082 873 tores
3113 813 3385 873 dixerunt
3413 812 3490 871 ad

2920 906 3178 967 inuicem
3248 917 3484 967 transea

2919 1017 3052 1060 mus
3080 1019 3266 1079 usque
3295 1002 3355 1060 in
3384 999 3524 1060 beth

2918 1092 3110 1153 lehem
3179 1106 3244 1154 ut
3269 1093 3578 1153 uideamus

2915 1188 3162 1248 uerbum
3193 1189 3354 1267 quod
3383 1187 3476 1247 fac

2913 1288 3040 1339 tum
3068 1292 3158 1341 est
3226 1283 3390 1359 quod
3418 1281 3532 1342 dfis

2174 544 2234 595 et
2260 534 2471 611 pannis
2499 550 2635 593 eum
2663 532 2817 593 inu⁰l

2174 629 2260 687 uit
2286 639 2343 689 et
2371 628 2568 706 posuit
2596 645 2732 686 eum

2172 722 2236 780 in
2263 724 2571 799 praesepio
2641 723 2780 799 quia

2172 833 2296 875 non
2325 826 2446 875 erat
2475 817 2639 875 locus
2667 816 2730 875 in

2170 908 2490 968 diuersorio
2513 940 2530 957 ·

2166 1000 2190 1034 ⁸
2209 1001 2475 1062 Pastores
2503 1012 2698 1063 autem
2726 1022 2761 1064 e

2166 1105 2297 1155 rant
2327 1098 2388 1155 in
2416 1097 2514 1156 illa
2541 1098 2704 1174 regio

2166 1207 2242 1249 ne
2270 1190 2577 1267 uigilantes
2605 1200 2663 1249 et

2163 1283 2556 1342 custodientes
2582 1284 2702 1361 uigi

2162 1375 2270 1435 lias
2299 1378 2485 1437 noetis
2515 1396 2692 1454 supra
2914 1376 3170 1435 ostendit
3202 1376 3376 1435 nobis
3395 1406 3410 1422 ·

2161 1487 2404 1546 gregem
2432 1488 2602 1529 suum
2627 1503 2642 1517 ·
2911 1462 3042 1526 ¹⁸Et
3058 1479 3346 1528 uenerunt
3362 1468 3612 1530 festinan

2161 1563 2183 1595 ⁰
2201 1562 2278 1620 Et
2305 1582 2443 1623 ecce
2473 1564 2714 1641 angelus
2741 1564 2840 1625 dni
2915 1570 3004 1621 tes
3031 1573 3091 1622 et
3116 1564 3465 1623 inuenerunt

2160 1657 2315 1715 stetit
2343 1657 2504 1715 iuxta
2531 1658 2658 1718 illos
2680 1690 2695 1705 ·
2914 1656 3159 1715 mariam
3187 1666 3244 1715 et
3273 1656 3485 1735 ioseph

2160 1759 2219 1808 et
2247 1751 2478 1809 claritas
2508 1752 2608 1811 dfii
2636 1753 2722 1811 cir
2912 1758 2972 1807 et
2999 1750 3280 1809 infantem
3309 1752 3445 1829 posi

2158 1844 2451 1903 cumfulsit
2479 1846 2609 1905 illos
2633 1877 2648 1893 ·
2911 1852 3036 1901 tum
3065 1844 3124 1901 in
3154 1846 3425 1921 presepio

2156 1936 2236 1996 Et
2264 1940 2576 1999 timuerunt
2603 1942 2750 1999 timo
2909 1933 2955 1969 ¹⁷
2971 1936 3252 1997 Uidentes
3273 1946 3468 1997 autem
3496 1955 3618 2015 cog

2156 2050 2218 2091 re
2251 2050 2473 2109 magno
2497 2065 2512 2080 ·
2555 2032 2600 2068 ¹⁰
2615 2035 2692 2093 Et
2719 2035 2818 2094 dix
2911 2042 3202 2090 nouerunt
3230 2030 3304 2090 de
3331 2049 3433 2091 uer

2156 2127 2230 2184 sit
2257 2126 2368 2185 illis
2397 2128 2640 2203 angelus
2909 2124 2990 2183 bo
3059 2126 3224 2202 quod
3253 2126 3474 2185 dictum
3501 2134 3594 2186 est

2155 2220 2335 2279 nolite
2362 2222 2565 2282 timere
2593 2242 2734 2283 ecce
2909 2216 3019 2278 illis
3045 2220 3122 2278 d‘e
3152 2235 3340 2297 puero
3369 2220 3483 2280 hoc
3503 2250 3518 2267 ·

2154 2315 2314 2373 enim
2344 2318 2742 2393 euangelizaui
2908 2316 3038 2377 ¹⁸Et
3053 2335 3264 2378 omnes
3282 2319 3382 2396 qui
3399 2319 3645 2379 aderant

2905 2542 3094 2602 mirati
3122 2553 3260 2603 sunt
3288 2542 3363 2604 de
3392 2544 3482 2603 his

2150 2652 2432 2710 magnum
2461 2636 2622 2714 quod
2905 2655 3058 2714 quae
3087 2637 3428 2698 dicebantur
3449 2658 3484 2698 a
3499 2657 3608 2716 pas

2150 2730 2256 2787 erit
2282 2730 2446 2789 omni
2475 2731 2631 2807 plebi
2903 2733 3128 2792 toribus
3157 2733 3233 2791 ad
3263 2735 3423 2809 ipsos

2152 2821 2194 2855 ¹¹
2214 2824 2352 2900 quia
2373 2837 2544 2884 natus
2573 2836 2660 2885 est
2681 2827 2850 2886 uobis
2901 2824 2948 2859 ¹⁰
2963 2824 3154 2884 Maria
3175 2839 3371 2886 autem
3393 2845 3606 2888 conset

2149 2915 2328 2976 hodie
2358 2919 2611 2978 saluator
2638 2921 2740 2998 qui
2897 2920 3075 2980 nabat
3103 2922 3304 2980 omnia
3330 2923 3512 2982 uerba

2148 3019 2238 3068 est
2265 3016 2378 3086 xps
2406 3012 2518 3072 dfis
2544 3014 2605 3071 in
2633 3015 2806 3072 ciuita
2896 3015 3041 3074 haec
3069 3015 3380 3075 conferens
3406 3016 3468 3074 in

2148 3113 2206 3161 te
2234 3104 2408 3164 dauid
2433 3137 2448 3151 ·
2490 3104 2536 3138 ²¹
2553 3117 2613 3166 et
2637 3107 2808 3167 huius
2897 3110 3076 3168 corde
3097 3127 3204 3168 suo
3226 3143 3241 3158 ·
3275 3109 3321 3142 ²⁰
3337 3109 3418 3169 Et
3433 3127 3602 3171 reuer

2148 3196 2262 3257 hoc
2291 3199 2460 3257 uobis
2488 3200 2721 3277 signum
2741 3233 2756 3249 ·
2895 3204 2944 3262 si
2973 3215 3110 3263 sunt
3134 3215 3402 3281 pastores

2145 3291 2452 3351 inuenietis
2480 3294 2700 3354 infante
2896 3298 3343 3374 magnificantes
3371 3308 3432 3358 et
3457 3297 3556 3358 lau

2142 3387 2352 3462 pannis
2379 3387 2706 3448 inuolutum
2863 3437 2874 3448 .
2897 3391 3104 3450 dantes
3133 3393 3234 3451 dm
3263 3395 3324 3450 in
3352 3393 3516 3451 omni

2142 3490 2201 3538 et
2229 3481 2486 3556 positum
2514 3483 2573 3541 in
2603 3502 2703 3560 pre
2897 3486 3009 3545 bus
3037 3504 3190 3563 quae
3218 3487 3519 3548 audierant

2145 3576 2312 3652 sepio
2337 3607 2350 3622 ·
2396 3575 2534 3634 ”Et
2562 3578 2754 3636 subito
2892 3588 2951 3639 et
2981 3581 3244 3641 uiderant
3271 3583 3424 3641 sicut

2140 3668 2294 3728 facta
2322 3679 2410 3729 est
2437 3689 2572 3730 cum
2601 3671 2814 3748 angelo
2892 3673 3047 3734 dicta
3069 3687 3205 3736 sunt
3225 3675 3299 3736 ad
3319 3675 3449 3734 illos
3467 3717 3486 3750 ,
3508 3701 3592 3728 m

2138 3781 2446 3841 multitudo
2473 3761 3012 3875 exerci'ff'ig'aogfffflt
3028 3798 3343 3865 postquam
3352 3797 3594 3849 consu·-

2138 3899 2231 3948 tus
2261 3890 2524 3950 caelestis
2593 3891 2808 3952 laudan
2853 3893 3032 3957 'rmati
3059 3913 3167 3953 sun
3195 3893 3317 3954 dies
3345 3903 3483 3953 octo
3506 3925 3523 3942 ·

2152 2540 2324 2599 uobis
2351 2541 2630 2618 gaudium

2136 3984 2280 4043 tium
2310 3985 2410 4043 dffi
2443 3995 2502 4044 et
2528 3985 2783 4046 dicentii-1
2887 3998 2951 4047 ut
2979 3988 3392 4048 circumcidere

2134 4078 2177 4112 ¹⁴
2186 4077 2391 4139 Gloria
2412 4080 2473 4138 in
2495 4080 2737 4140 excelsis
2756 4082 2835 4142 do
2885 4091 2980 4140 tur
3001 4113 3016 4128 ·
3059 4081 3137 4141 Et
3163 4093 3444 4141 uocatum

2134 4183 2195 4233 et
2222 4175 2282 4232 in
2313 4183 2463 4233 terra
2490 4193 2606 4252 pax
2633 4173 2798 4234 homi
2883 4185 2972 4235 est
3005 4193 3226 4235 nomen
3257 4177 3381 4235 eius
3409 4175 3498 4235 ihs
3523 4205 3538 4222 ·

2133 4269 2304 4328 nibus
2333 4269 2524 4328 bonae
2551 4269 2730 4330 uolun
2883 4269 3065 4342 Quod
3093 4280 3370 4329 uocatum
3397 4277 3485 4329 est

2133 4363 2267 4422 tatis
2291 4395 2306 4411 ·
2349 4363 2392 4397 ¹³
2407 4363 2487 4422 Et
2504 4364 2720 4424 sactum
2742 4374 2832 4425 est
2881 4365 2956 4425 ab
2983 4364 3195 4441 angelo
3224 4364 3385 4440 prius

3213 4481 3252 4522 1.
3283 4481 3312 4520 2

3687 533 3815 582 1¹01.
3839 534 3936 581 88.
