4373 5048
596 388 784 443 xxw.
810 385 1034 454 39-53.]

1926 376 2280 438 LUCAN-

2105 598 2108 607 .
2151 568 2349 610 ossam
2379 568 2501 609 non
2530 549 2664 609 abet

2151 645 2297 703 sicut
2325 662 2419 703 me
2452 643 2663 702 uidetis

2149 738 2365 797 habere
2385 770 2399 784 ·
2443 738 2491 771 ⁴⁰
2506 737 2585 795 Et
2611 738 2730 798 hoc

2150 850 2287 891 cum
2318 832 2558 891 dixisset
2615 849 2686 891 os

2149 926 2340 985 tendit
2366 926 2449 985 eis
2478 944 2691 985 manus

2149 1029 2210 1079 et
2236 1020 2419 1097 pedes
2442 1051 2456 1065 ·
2499 1018 2543 1052 ⁴¹
2560 1020 2773 1080 Adhuc

2151 1124 2347 1173 autem
2376 1114 2485 1172 illis
2512 1131 2635 1173 non

2150 1207 2518 1267 credentibus

2151 1312 2212 1361 et
2240 1302 2581 1361 mirantibus

2150 1413 2255 1472 pre
2284 1394 2499 1471 gaudio
2523 1426 2538 1441 ·
2603 1394 2745 1453 dixit

2151 1489 2235 1547 eis
2291 1487 2517 1547 habetis
2538 1487 2615 1546 ali

2152 1582 2295 1659 quid
2324 1581 2417 1641 hic
2446 1582 2609 1659 quod

2151 1677 2511 1736 manducare
2535 1707 2550 1722 ·

2151 1767 2197 1803 ⁴²
2216 1770 2295 1828 At
2324 1770 2402 1828 illi
2430 1770 2767 1847 optulerunt

2151 1862 2229 1922 illi
2259 1874 2485 1940 partem
2518 1866 2611 1940 pis

2153 1958 2239 2016 cis
2268 1974 2461 2017 assam
2522 1957 2601 2015 Et
2630 1957 2703 2016 de

2151 2050 2288 2111 fauo
2344 2051 2463 2110 “et
2490 2051 2711 2111 mandu

2153 2164 2297 2204 cans
2326 2162 2529 2204 coram
2558 2144 2699 2221 ipsis

2152 2239 2199 2272 ⁴⁴
2219 2237 2295 2297 Et
2325 2239 2469 2298 dixit
2499 2239 2574 2297 ad
2606 2256 2707 2299 eos
2732 2270 2745 2285 ·

2152 2338 2191 2395 †
2208 2333 2318 2393 hec
2349 2341 2483 2391 sunt
2510 2335 2693 2392 uerba

2153 2445 2301 2504 quae
2330 2426 2555 2487 locutus
2585 2432 2655 2486 sii

2185 2558 2239 2608 in
2278 2557 2361 2607 die
2394 2557 2703 2608 ascensiones
2737 2558 2823 2608 diii

2218 2635 2375 2686 nostri
2398 2637 2483 2684 ihu
2500 2637 2581 2697 xpi
2604 2636 2789 2686 second

2131 2699 2144 2716 ⁸
2185 2729 2383 2766 carnem
2405 2713 2555 2764 lectio
2572 2713 2823 2779 euangelii

2306 2791 2574 2842 secondum
2596 2790 2710 2842 luca

2153 2909 2229 2968 ad
2258 2926 2369 2968 uos
2430 2927 2566 2968 cum
2594 2909 2672 2969 ad

2152 3001 2267 3062 huc
2298 3021 2489 3062 essem
2517 3003 2688 3062 uobis

2154 3115 2289 3156 cum
2316 3128 2329 3144 ·
2390 3103 2533 3172 qiim
2562 3115 2739 3156 neces

2154 3209 2220 3250 se
2246 3200 2334 3250 est
2361 3191 2585 3266 impleri
2613 3208 2713 3249 om

2153 3284 2251 3342 nia
2285 3301 2433 3361 quae
2463 3285 2677 3361 scripta

2153 3389 2289 3436 sunt
2317 3378 2377 3435 in
2405 3377 2535 3452 lege
2563 3378 2752 3452 moysi

2153 3479 2213 3529 et
2242 3470 2477 3547 profetis
2540 3481 2598 3530 et
2625 3471 2751 3548 psal

2153 3564 2265 3623 mis
2293 3563 2365 3622 de
2396 3583 2492 3624 me
2510 3595 2525 3610 ·
2568 3564 2615 3598 ⁴³
2633 3575 2771 3625 tunc

2154 3658 2379 3732 aperuit
2399 3675 2601 3732 aper-u·

2144 3739 2207 3810 ii
2232 3750 2341 3808 illis
2370 3767 2609 3808 sensum

2153 3853 2217 3902 ut
2232 3843 2611 3920 intelligerent

2153 3955 2226 3995 ea
2254 3955 2368 4014 que
2397 3938 2609 4013 scripta
2638 3947 2772 3997 sunt
2790 3969 2805 3986 ·

2153 4031 2197 4063 ¹⁶
2214 4029 2291 4088 Et
2318 4031 2461 4089 dixit
2488 4031 2571 4089 eis
2640 4037 2783 4108 qilm

2156 4125 2237 4183 sic
2267 4125 2544 4200 scriptum
2572 4135 2659 4184 est
2678 4157 2691 4172 ·

2154 4227 2213 4276 et
2240 4219 2322 4277 sic
2356 4220 2610 4295 oportuit

2153 4316 2299 4387 xpm
2326 4313 2447 4389 pati
2510 4322 2569 4371 et
2596 4331 2660 4372 re

2153 4423 2385 4483 surgere
2414 4424 2450 4464 a
2478 4417 2671 4466 mortu

2152 4498 2201 4556 is
2230 4499 2391 4557 tertia
2418 4498 2509 4558 die

2151 4591 2196 4624 ⁴⁷
2214 4601 2272 4650 et
2299 4592 2581 4668 predicari
2610 4593 2669 4650 in
2699 4610 2779 4652 no

2150 4683 2305 4743 mine
2334 4685 2455 4742 eius
2485 4685 2620 4761 peni

2149 4777 2393 4839 tentiam
2428 4788 2487 4838 et
2514 4779 2690 4837 remis

3490 394 3606 438 111

2906 549 3132 609 sionem
3162 560 3408 627 peccato

2905 661 3035 701 rum
3095 645 3157 702 in
3186 646 3349 703 omni
3382 663 3499 721 gen

2905 748 2960 797 te
3024 739 3435 815 incipientibus

2905 833 2981 891 ab
3010 832 3397 910 hierosolyma

2905 926 2949 960 ⁴⁸
2968 926 3097 987 Uos
3130 938 3327 986 autern
3360 927 3499 988 estis

2906 1031 3081 1081 testes
3108 1021 3321 1081 horum

2906 1116 2950 1149 ⁴⁹
2968 1114 3043 1174 Et
3072 1133 3210 1174 ecce
3244 1132 3361 1191 ego
3388 1116 3553 1177 mitto

2906 1211 3191 1287 promissa
3221 1206 3396 1286 patris

2905 1305 3021 1362 mei
3049 1305 3109 1363 in
3139 1305 3309 1363 uobis
3332 1336 3345 1351 ·

2905 1397 3035 1457 Uos
3064 1408 3259 1457 autem
3288 1399 3426 1457 sede

2907 1502 2965 1551 te
2993 1493 3053 1550 in
3082 1493 3311 1551 ciuitate

2908 1585 3253 1645 hierusalem

2906 1680 3285 1756 quoadusque
3312 1680 3373 1737 in

2908 1773 3167 1831 duamini
3192 1774 3345 1831 uirtu

2906 1877 3025 1925 tem
3054 1868 3131 1925 ab
3158 1866 3279 1925 alto

2907 1958 2953 1993 ⁶⁰
2969 1959 3186 2020 Eduxit
3212 1970 3407 2021 autem

2905 2072 3011 2113 eos
3038 2054 3177 2113 foris
3204 2056 3265 2113 in
3294 2056 3367 2114 be

2906 2148 3166 2208 thaniam
3197 2180 3212 2195 ·
3274 2148 3353 2209 Et
3380 2149 3469 2209 ele

2905 2244 3053 2302 uatis
3080 2242 3349 2303 manibus

2908 2338 3025 2395 suis
3054 2338 3349 2397 benedixit

2907 2447 3011 2491 eos
3034 2462 3048 2477 ·
3092 2430 3134 2464 ⁶¹
3152 2431 3230 2490 Et
3256 2430 3414 2492 factu
3447 2441 3535 2492 est

2906 2904 3047 2963 dum
3075 2904 3362 2965 benedicit

2903 2998 3033 3057 illos
3062 3000 3297 3058 recessit

2906 3092 2982 3150 ab
3012 3094 3097 3151 eis
3124 3118 3136 3131 ·
3198 3092 3275 3152 Et
3305 3093 3510 3152 aeleua

2907 3188 3076 3246 batur
3102 3188 3163 3244 in
3191 3187 3381 3246 celum

2907 3277 2951 3313 ⁶²
2966 3280 3045 3340 Et
3072 3282 3181 3358 ipsi
3210 3282 3523 3343 adorantes

2905 3393 3041 3434 eum
3068 3378 3315 3452 regressi

2907 3481 3041 3529 sunt
3070 3471 3131 3528 in
3160 3471 3387 3531 hierusa

2906 3563 3023 3622 lem
3052 3581 3189 3623 cum
3216 3582 3331 3642 gau

2906 3658 3005 3717 dio
3034 3676 3256 3734 magno
3280 3691 3295 3706 ·
3338 3658 3385 3693 ⁶⁸
3403 3671 3461 3719 et

2905 3761 3070 3810 erant
3098 3771 3328 3830 semper

2904 3845 2965 3903 in
2995 3847 3213 3924 templo
3242 3847 3337 3907 lau

2907 3938 3111 4000 dantes
3133 3951 3191 4000 et
3213 3944 3363 4001 bene

2907 4033 3167 4094 dicentes
3195 4036 3339 4095 dfim
3369 4069 3383 4084 ·
3408 4067 3423 4084 ·
3448 4063 3529 4090 „a

2976 4191 3543 4221 mmmm

2975 4324 3546 4353 mmmm

2973 4457 3545 4484 mmmm

3636 571 3759 621 1¹01.
3783 573 3861 621 n.
