<?xml version="1.0" encoding="UTF-8"?>
<!DOCTYPE html PUBLIC "-//W3C//DTD XHTML 1.0 Transitional//EN"
    "http://www.w3.org/TR/xhtml1/DTD/xhtml1-transitional.dtd">
<html xmlns="http://www.w3.org/1999/xhtml" xml:lang="en" lang="en">
 <head>
  <title>
</title>
<meta http-equiv="Content-Type" content="text/html;charset=utf-8" />
  <meta name='ocr-system' content='tesseract 3.04.00' />
  <meta name='ocr-capabilities' content='ocr_page ocr_carea ocr_par ocr_line ocrx_word'/>
</head>
<body>
  <div class='ocr_page' id='page_1' title='image "./fourgospelsfrom00wordgoog_0111.png"; bbox 0 0 4373 5048; ppageno 0'>
   <div class='ocr_carea' id='block_1_1' title="bbox 256 550 533 605">
    <p class='ocr_par' dir='ltr' id='par_1_1' title="bbox 256 550 533 605">
     <span class='ocr_line' id='line_1_1' title="bbox 256 550 533 605; baseline 0.018 -7"><span class='ocrx_word' id='word_1_1' title='bbox 256 550 392 602; x_wconf 74' lang='lat'><em>1¹01.</em></span> <span class='ocrx_word' id='word_1_2' title='bbox 414 550 533 605; x_wconf 74' lang='lat'>21⁷.</span> 
     </span>
    </p>
   </div>
   <div class='ocr_carea' id='block_1_2' title="bbox 584 371 999 439">
    <p class='ocr_par' dir='ltr' id='par_1_2' title="bbox 584 371 999 439">
     <span class='ocr_line' id='line_1_2' title="bbox 584 371 999 439; baseline 0.01 -18"><span class='ocrx_word' id='word_1_3' title='bbox 584 374 643 425; x_wconf 88' lang='lat' dir='ltr'>v.</span> <span class='ocrx_word' id='word_1_4' title='bbox 662 374 864 438; x_wconf 85' lang='lat' dir='ltr'>47-v1.</span> <span class='ocrx_word' id='word_1_5' title='bbox 892 371 999 439; x_wconf 63' lang='grc' dir='ltr'>η]</span> 
     </span>
    </p>
   </div>
   <div class='ocr_carea' id='block_1_3' title="bbox 538 775 1229 2643">
    <p class='ocr_par' dir='ltr' id='par_1_3' title="bbox 538 775 1229 2643">
     <span class='ocr_line' id='line_1_3' title="bbox 578 775 959 838; baseline 0.005 -3"><span class='ocrx_word' id='word_1_6' title='bbox 578 775 773 837; x_wconf 86' lang='lat' dir='ltr'>uerbis</span> <span class='ocrx_word' id='word_1_7' title='bbox 810 777 959 838; x_wconf 88' lang='lat' dir='ltr'>meis</span> 
     </span>
     <span class='ocr_line' id='line_1_4' title="bbox 662 870 1053 931; baseline 0.011 -3"><span class='ocrx_word' id='word_1_8' title='bbox 662 870 909 931; x_wconf 89' lang='lat' dir='ltr'>credetis</span> <span class='ocrx_word' id='word_1_9' title='bbox 930 903 945 918; x_wconf 93' lang='lat'><strong>·</strong></span> <span class='ocrx_word' id='word_1_10' title='bbox 968 905 1053 917; x_wconf 90' lang='lat'><strong>—</strong></span> 
     </span>
     <span class='ocr_line' id='line_1_5' title="bbox 543 960 1213 1027; baseline 0.003 -2"><span class='ocrx_word' id='word_1_11' title='bbox 543 960 643 1025; x_wconf 80' lang='grc'>*6.</span> <span class='ocrx_word' id='word_1_12' title='bbox 684 960 707 997; x_wconf 85' lang='lat'>¹</span> <span class='ocrx_word' id='word_1_13' title='bbox 724 964 867 1026; x_wconf 85' lang='lat' dir='ltr'>Post</span> <span class='ocrx_word' id='word_1_14' title='bbox 894 966 1042 1026; x_wconf 88' lang='lat' dir='ltr'>haec</span> <span class='ocrx_word' id='word_1_15' title='bbox 1070 966 1213 1027; x_wconf 90' lang='lat' dir='ltr'>abiit</span> 
     </span>
     <span class='ocr_line' id='line_1_6' title="bbox 541 1056 1053 1122; baseline 0.01 -6"><span class='ocrx_word' id='word_1_16' title='bbox 541 1056 672 1117; x_wconf 81' lang='lat' dir='ltr'>*ihs</span> <span class='ocrx_word' id='word_1_17' title='bbox 699 1068 861 1119; x_wconf 91' lang='lat' dir='ltr'>trans</span> <span class='ocrx_word' id='word_1_18' title='bbox 888 1079 1053 1122; x_wconf 90' lang='lat' dir='ltr'>mare</span> 
     </span>
     <span class='ocr_line' id='line_1_7' title="bbox 542 1149 1017 1228; baseline 0.008 -17"><span class='ocrx_word' id='word_1_19' title='bbox 542 1149 826 1228; x_wconf 83' lang='lat' dir='ltr'>*galileae</span> <span class='ocrx_word' id='word_1_20' title='bbox 852 1154 1017 1215; x_wconf 88' lang='lat' dir='ltr'>tiberi</span> 
     </span>
     <span class='ocr_line' id='line_1_8' title="bbox 538 1244 1159 1327; baseline 0.008 -23"><span class='ocrx_word' id='word_1_21' title='bbox 538 1244 707 1307; x_wconf 84' lang='lat' dir='ltr'>*adis</span> <span class='ocrx_word' id='word_1_22' title='bbox 727 1278 743 1294; x_wconf 93' lang='lat'><strong>·</strong></span> <span class='ocrx_word' id='word_1_23' title='bbox 804 1248 915 1307; x_wconf 78' lang='lat' dir='ltr'>&#39;Et</span> <span class='ocrx_word' id='word_1_24' title='bbox 941 1267 1159 1327; x_wconf 88' lang='lat' dir='ltr'>sequae</span> 
     </span>
     <span class='ocr_line' id='line_1_9' title="bbox 574 1340 1107 1404; baseline 0.011 -6"><span class='ocrx_word' id='word_1_25' title='bbox 574 1340 746 1400; x_wconf 86' lang='lat' dir='ltr'>batur</span> <span class='ocrx_word' id='word_1_26' title='bbox 771 1360 909 1402; x_wconf 88' lang='lat' dir='ltr'>eum</span> <span class='ocrx_word' id='word_1_27' title='bbox 936 1346 1107 1404; x_wconf 91' lang='lat' dir='ltr'>turba</span> 
     </span>
     <span class='ocr_line' id='line_1_10' title="bbox 574 1440 1135 1518; baseline 0.005 -24"><span class='ocrx_word' id='word_1_28' title='bbox 574 1452 797 1511; x_wconf 87' lang='lat' dir='ltr'>magna</span> <span class='ocrx_word' id='word_1_29' title='bbox 817 1467 832 1483; x_wconf 92' lang='lat'><strong>·</strong></span> <span class='ocrx_word' id='word_1_30' title='bbox 903 1440 1135 1518; x_wconf 30' lang='lat' dir='ltr'>qum-ui</span> 
     </span>
     <span class='ocr_line' id='line_1_11' title="bbox 576 1528 1130 1610; baseline 0.009 -23"><span class='ocrx_word' id='word_1_31' title='bbox 576 1528 795 1589; x_wconf 85' lang='lat' dir='ltr'><strong>debant</strong></span> <span class='ocrx_word' id='word_1_32' title='bbox 822 1531 989 1609; x_wconf 88' lang='lat' dir='ltr'>signa</span> <span class='ocrx_word' id='word_1_33' title='bbox 1014 1551 1130 1610; x_wconf 90' lang='lat' dir='ltr'>que</span> 
     </span>
     <span class='ocr_line' id='line_1_12' title="bbox 573 1622 1023 1702; baseline 0.009 -21"><span class='ocrx_word' id='word_1_34' title='bbox 573 1622 823 1683; x_wconf 82' lang='lat' dir='ltr'>faciebat</span> <span class='ocrx_word' id='word_1_35' title='bbox 852 1643 1023 1702; x_wconf 88' lang='lat' dir='ltr'>super</span> 
     </span>
     <span class='ocr_line' id='line_1_13' title="bbox 572 1717 1173 1781; baseline 0.008 -5"><span class='ocrx_word' id='word_1_36' title='bbox 572 1717 839 1779; x_wconf 86' lang='lat' dir='ltr'>infirmos</span> <span class='ocrx_word' id='word_1_37' title='bbox 862 1751 877 1767; x_wconf 91' lang='lat'><strong>·</strong></span> <span class='ocrx_word' id='word_1_38' title='bbox 933 1719 957 1754; x_wconf 82' lang='lat'>⁸</span> <span class='ocrx_word' id='word_1_39' title='bbox 974 1722 1173 1781; x_wconf 88' lang='lat' dir='ltr'>Ascen</span> 
     </span>
     <span class='ocr_line' id='line_1_14' title="bbox 574 1810 1147 1875; baseline 0.007 -4"><span class='ocrx_word' id='word_1_40' title='bbox 574 1810 661 1873; x_wconf 91' lang='lat' dir='ltr'>dit</span> <span class='ocrx_word' id='word_1_41' title='bbox 687 1822 883 1872; x_wconf 88' lang='lat' dir='ltr'>autem</span> <span class='ocrx_word' id='word_1_42' title='bbox 911 1814 973 1873; x_wconf 89' lang='lat' dir='ltr'>in</span> <span class='ocrx_word' id='word_1_43' title='bbox 1000 1833 1147 1875; x_wconf 90' lang='lat' dir='ltr'>mon</span> 
     </span>
     <span class='ocr_line' id='line_1_15' title="bbox 574 1906 1229 1970; baseline 0.008 -5"><span class='ocrx_word' id='word_1_44' title='bbox 574 1916 695 1965; x_wconf 89' lang='lat' dir='ltr'>tem</span> <span class='ocrx_word' id='word_1_45' title='bbox 722 1906 814 1967; x_wconf 82' lang='lat' dir='ltr'>ihs</span> <span class='ocrx_word' id='word_1_46' title='bbox 836 1938 851 1953; x_wconf 93' lang='lat'><strong>·</strong></span> <span class='ocrx_word' id='word_1_47' title='bbox 912 1918 970 1967; x_wconf 86' lang='lat' dir='ltr'>et</span> <span class='ocrx_word' id='word_1_48' title='bbox 998 1908 1058 1967; x_wconf 94' lang='lat' dir='ltr'>bi</span> <span class='ocrx_word' id='word_1_49' title='bbox 1088 1910 1229 1970; x_wconf 88' lang='lat' dir='ltr'>sede</span> 
     </span>
     <span class='ocr_line' id='line_1_16' title="bbox 574 2000 1162 2080; baseline 0.003 -21"><span class='ocrx_word' id='word_1_50' title='bbox 574 2000 674 2059; x_wconf 91' lang='lat' dir='ltr'>bat</span> <span class='ocrx_word' id='word_1_51' title='bbox 702 2018 838 2061; x_wconf 89' lang='lat' dir='ltr'>cum</span> <span class='ocrx_word' id='word_1_52' title='bbox 865 2000 1162 2080; x_wconf 86' lang='lat' dir='ltr'>discipulis</span> 
     </span>
     <span class='ocr_line' id='line_1_17' title="bbox 575 2094 1136 2156; baseline 0.002 -1"><span class='ocrx_word' id='word_1_53' title='bbox 575 2094 695 2155; x_wconf 87' lang='lat' dir='ltr'>suis</span> <span class='ocrx_word' id='word_1_54' title='bbox 717 2127 732 2142; x_wconf 91' lang='lat'><strong>·</strong></span> <span class='ocrx_word' id='word_1_55' title='bbox 794 2096 819 2129; x_wconf 78' lang='lat'><strong>⁴</strong></span> <span class='ocrx_word' id='word_1_56' title='bbox 834 2094 975 2155; x_wconf 89' lang='lat' dir='ltr'>Erat</span> <span class='ocrx_word' id='word_1_57' title='bbox 1004 2102 1136 2156; x_wconf 70' lang='lat' dir='ltr'>aute</span> 
     </span>
     <span class='ocr_line' id='line_1_18' title="bbox 573 2188 1188 2266; baseline 0.007 -20"><span class='ocrx_word' id='word_1_58' title='bbox 573 2188 635 2246; x_wconf 90' lang='lat' dir='ltr'>in</span> <span class='ocrx_word' id='word_1_59' title='bbox 664 2190 935 2266; x_wconf 85' lang='lat' dir='ltr'>proximo</span> <span class='ocrx_word' id='word_1_60' title='bbox 962 2190 1188 2266; x_wconf 88' lang='lat' dir='ltr'>pascha</span> 
     </span>
     <span class='ocr_line' id='line_1_19' title="bbox 575 2281 1149 2344; baseline 0.005 -4"><span class='ocrx_word' id='word_1_61' title='bbox 575 2281 701 2342; x_wconf 87' lang='lat' dir='ltr'>dies</span> <span class='ocrx_word' id='word_1_62' title='bbox 727 2281 909 2342; x_wconf 81' lang='lat' dir='ltr'>festus</span> <span class='ocrx_word' id='word_1_63' title='bbox 935 2283 1149 2344; x_wconf 89' lang='lat' dir='ltr'>iudaeo</span> 
     </span>
     <span class='ocr_line' id='line_1_20' title="bbox 572 2374 1159 2439; baseline 0.009 -6"><span class='ocrx_word' id='word_1_64' title='bbox 572 2394 705 2434; x_wconf 89' lang='lat' dir='ltr'>rum</span> <span class='ocrx_word' id='word_1_65' title='bbox 729 2408 743 2423; x_wconf 92' lang='lat'><strong>·</strong></span> <span class='ocrx_word' id='word_1_66' title='bbox 766 2409 779 2422; x_wconf 91' lang='lat'><strong>·</strong></span> <span class='ocrx_word' id='word_1_67' title='bbox 803 2409 817 2424; x_wconf 88' lang='lat'><strong>·</strong></span> <span class='ocrx_word' id='word_1_68' title='bbox 860 2376 883 2410; x_wconf 82' lang='lat'>⁸</span> <span class='ocrx_word' id='word_1_69' title='bbox 900 2374 1159 2439; x_wconf 87' lang='lat' dir='ltr'>Eleuatis</span> 
     </span>
     <span class='ocr_line' id='line_1_21' title="bbox 572 2470 1098 2548; baseline 0.008 -20"><span class='ocrx_word' id='word_1_70' title='bbox 572 2470 747 2548; x_wconf 83' lang='lat' dir='ltr'>igitur</span> <span class='ocrx_word' id='word_1_71' title='bbox 776 2470 963 2532; x_wconf 90' lang='lat' dir='ltr'>oculis</span> <span class='ocrx_word' id='word_1_72' title='bbox 991 2470 1098 2532; x_wconf 83' lang='lat' dir='ltr'>ihs·</span> 
     </span>
     <span class='ocr_line' id='line_1_22' title="bbox 576 2563 1172 2643; baseline 0 -19"><span class='ocrx_word' id='word_1_73' title='bbox 576 2563 733 2624; x_wconf 91' lang='lat' dir='ltr'>Cum</span> <span class='ocrx_word' id='word_1_74' title='bbox 759 2566 1001 2625; x_wconf 90' lang='lat' dir='ltr'>uidisset</span> <span class='ocrx_word' id='word_1_75' title='bbox 1026 2571 1172 2643; x_wconf 77' lang='lat' dir='ltr'>qiim</span> 
     </span>
    </p>
   </div>
   <div class='ocr_carea' id='block_1_4' title="bbox 561 2696 1232 4559">
    <p class='ocr_par' dir='ltr' id='par_1_4' title="bbox 572 2696 1191 3132">
     <span class='ocr_line' id='line_1_23' title="bbox 572 2696 1139 2759; baseline 0.004 -3"><span class='ocrx_word' id='word_1_76' title='bbox 572 2697 756 2756; x_wconf 88' lang='lat' dir='ltr'>multa</span> <span class='ocrx_word' id='word_1_77' title='bbox 782 2696 952 2757; x_wconf 89' lang='lat' dir='ltr'>turba</span> <span class='ocrx_word' id='word_1_78' title='bbox 976 2699 1139 2759; x_wconf 89' lang='lat' dir='ltr'>uenit</span> 
     </span>
     <span class='ocr_line' id='line_1_24' title="bbox 574 2790 1191 2852; baseline 0.005 -3"><span class='ocrx_word' id='word_1_79' title='bbox 574 2791 651 2850; x_wconf 91' lang='lat' dir='ltr'>ad</span> <span class='ocrx_word' id='word_1_80' title='bbox 678 2809 817 2849; x_wconf 90' lang='lat' dir='ltr'>eum</span> <span class='ocrx_word' id='word_1_81' title='bbox 836 2822 851 2837; x_wconf 93' lang='lat'><strong>·</strong></span> <span class='ocrx_word' id='word_1_82' title='bbox 873 2823 889 2837; x_wconf 89' lang='lat'><strong>·</strong></span> <span class='ocrx_word' id='word_1_83' title='bbox 939 2790 1086 2851; x_wconf 85' lang='lat' dir='ltr'>dixit</span> <span class='ocrx_word' id='word_1_84' title='bbox 1113 2791 1191 2852; x_wconf 90' lang='lat' dir='ltr'>ad</span> 
     </span>
     <span class='ocr_line' id='line_1_25' title="bbox 572 2884 1094 2962; baseline 0.002 -18"><span class='ocrx_word' id='word_1_85' title='bbox 572 2884 838 2962; x_wconf 88' lang='lat' dir='ltr'>filippum</span> <span class='ocrx_word' id='word_1_86' title='bbox 860 2915 875 2931; x_wconf 93' lang='lat'><strong>·</strong></span> <span class='ocrx_word' id='word_1_87' title='bbox 934 2885 1094 2945; x_wconf 89' lang='lat' dir='ltr'>unde</span> 
     </span>
     <span class='ocr_line' id='line_1_26' title="bbox 572 2987 1139 3056; baseline 0.002 -18"><span class='ocrx_word' id='word_1_88' title='bbox 572 2997 837 3038; x_wconf 85' lang='lat' dir='ltr'>ememus</span> <span class='ocrx_word' id='word_1_89' title='bbox 862 2997 1045 3056; x_wconf 90' lang='lat' dir='ltr'>panes</span> <span class='ocrx_word' id='word_1_90' title='bbox 1072 2987 1139 3040; x_wconf 91' lang='lat' dir='ltr'>ut</span> 
     </span>
     <span class='ocr_line' id='line_1_27' title="bbox 572 3073 1087 3132; baseline 0 -2"><span class='ocrx_word' id='word_1_91' title='bbox 572 3073 928 3132; x_wconf 86' lang='lat' dir='ltr'>manducent</span> <span class='ocrx_word' id='word_1_92' title='bbox 954 3073 1049 3132; x_wconf 85' lang='lat' dir='ltr'>isti</span> <span class='ocrx_word' id='word_1_93' title='bbox 1072 3104 1087 3120; x_wconf 90' lang='lat'><strong>·</strong></span> 
     </span>
    </p>

    <p class='ocr_par' dir='ltr' id='par_1_5' title="bbox 566 3164 1232 3807">
     <span class='ocr_line' id='line_1_28' title="bbox 572 3164 1232 3228; baseline 0.003 -3"><span class='ocrx_word' id='word_1_94' title='bbox 572 3164 595 3198; x_wconf 72' lang='lat'><strong>⁶</strong></span> <span class='ocrx_word' id='word_1_95' title='bbox 613 3166 751 3226; x_wconf 90' lang='lat' dir='ltr'>Hoc</span> <span class='ocrx_word' id='word_1_96' title='bbox 778 3175 973 3225; x_wconf 87' lang='lat' dir='ltr'>autem</span> <span class='ocrx_word' id='word_1_97' title='bbox 1002 3166 1232 3228; x_wconf 89' lang='lat' dir='ltr'>dicebat</span> 
     </span>
     <span class='ocr_line' id='line_1_29' title="bbox 571 3259 1225 3338; baseline 0.003 -20"><span class='ocrx_word' id='word_1_98' title='bbox 571 3269 825 3320; x_wconf 88' lang='lat' dir='ltr'>temtans</span> <span class='ocrx_word' id='word_1_99' title='bbox 852 3261 988 3319; x_wconf 80' lang='lat' dir='ltr'>eu&#39;m</span> <span class='ocrx_word' id='word_1_100' title='bbox 1012 3291 1027 3306; x_wconf 91' lang='lat'><strong>·</strong></span> <span class='ocrx_word' id='word_1_101' title='bbox 1088 3259 1225 3338; x_wconf 89' lang='lat' dir='ltr'>Ipse</span> 
     </span>
     <span class='ocr_line' id='line_1_30' title="bbox 568 3355 1139 3432; baseline 0 -18"><span class='ocrx_word' id='word_1_102' title='bbox 568 3355 727 3414; x_wconf 90' lang='lat' dir='ltr'>enim</span> <span class='ocrx_word' id='word_1_103' title='bbox 756 3355 977 3414; x_wconf 86' lang='lat' dir='ltr'>sciebat</span> <span class='ocrx_word' id='word_1_104' title='bbox 1001 3355 1139 3432; x_wconf 91' lang='lat' dir='ltr'>quid</span> 
     </span>
     <span class='ocr_line' id='line_1_31' title="bbox 569 3448 1005 3509; baseline -0.002 0"><span class='ocrx_word' id='word_1_105' title='bbox 569 3459 722 3509; x_wconf 88' lang='lat' dir='ltr'>esset</span> <span class='ocrx_word' id='word_1_106' title='bbox 749 3448 1005 3508; x_wconf 80' lang='lat' dir='ltr'>facturus</span> 
     </span>
     <span class='ocr_line' id='line_1_32' title="bbox 566 3539 1194 3622; baseline 0 -21"><span class='ocrx_word' id='word_1_107' title='bbox 566 3542 939 3622; x_wconf 63' lang='lat' dir='ltr'>&#39;Respondit</span> <span class='ocrx_word' id='word_1_108' title='bbox 965 3543 1043 3602; x_wconf 88' lang='lat' dir='ltr'>illi</span> <span class='ocrx_word' id='word_1_109' title='bbox 1072 3539 1194 3621; x_wconf 87' lang='lat' dir='ltr'>filip</span> 
     </span>
     <span class='ocr_line' id='line_1_33' title="bbox 566 3637 1089 3715; baseline 0.006 -22"><span class='ocrx_word' id='word_1_110' title='bbox 566 3654 681 3715; x_wconf 90' lang='lat' dir='ltr'>pus</span> <span class='ocrx_word' id='word_1_111' title='bbox 763 3637 1089 3697; x_wconf 82' lang='lat' dir='ltr'>ducentorii</span> 
     </span>
     <span class='ocr_line' id='line_1_34' title="bbox 568 3730 1046 3807; baseline -0.002 -18"><span class='ocrx_word' id='word_1_112' title='bbox 568 3730 941 3790; x_wconf 87' lang='lat' dir='ltr'>denariorum</span> <span class='ocrx_word' id='word_1_113' title='bbox 968 3749 1046 3807; x_wconf 92' lang='lat' dir='ltr'>pa</span> 
     </span>
    </p>

    <p class='ocr_par' dir='ltr' id='par_1_6' title="bbox 562 3824 1167 4276">
     <span class='ocr_line' id='line_1_35' title="bbox 566 3824 1144 3885; baseline 0.005 -3"><span class='ocrx_word' id='word_1_114' title='bbox 566 3841 674 3884; x_wconf 89' lang='lat' dir='ltr'>nes</span> <span class='ocrx_word' id='word_1_115' title='bbox 700 3841 825 3883; x_wconf 91' lang='lat' dir='ltr'>non</span> <span class='ocrx_word' id='word_1_116' title='bbox 854 3824 1144 3885; x_wconf 88' lang='lat' dir='ltr'>sufficiunt</span> 
     </span>
     <span class='ocr_line' id='line_1_36' title="bbox 566 3917 1106 3994; baseline -0.002 -17"><span class='ocrx_word' id='word_1_117' title='bbox 566 3917 651 3977; x_wconf 90' lang='lat' dir='ltr'>eis</span> <span class='ocrx_word' id='word_1_118' title='bbox 732 3928 797 3976; x_wconf 90' lang='lat' dir='ltr'>ut</span> <span class='ocrx_word' id='word_1_119' title='bbox 822 3919 1106 3994; x_wconf 89' lang='lat' dir='ltr'>unusquis</span> 
     </span>
     <span class='ocr_line' id='line_1_37' title="bbox 565 4011 1167 4090; baseline 0.002 -21"><span class='ocrx_word' id='word_1_120' title='bbox 565 4029 682 4090; x_wconf 91' lang='lat' dir='ltr'>que</span> <span class='ocrx_word' id='word_1_121' title='bbox 710 4011 1009 4071; x_wconf 90' lang='lat' dir='ltr'>modicum</span> <span class='ocrx_word' id='word_1_122' title='bbox 1039 4012 1167 4072; x_wconf 89' lang='lat' dir='ltr'>acci</span> 
     </span>
     <span class='ocr_line' id='line_1_38' title="bbox 562 4103 1069 4183; baseline 0.002 -20"><span class='ocrx_word' id='word_1_123' title='bbox 562 4106 686 4183; x_wconf 91' lang='lat' dir='ltr'>piat</span> <span class='ocrx_word' id='word_1_124' title='bbox 710 4135 725 4151; x_wconf 92' lang='lat'><strong>·</strong></span> <span class='ocrx_word' id='word_1_125' title='bbox 780 4103 962 4164; x_wconf 84' lang='lat' dir='ltr'>⁸dicit</span> <span class='ocrx_word' id='word_1_126' title='bbox 988 4105 1069 4164; x_wconf 91' lang='lat' dir='ltr'>illi</span> 
     </span>
     <span class='ocr_line' id='line_1_39' title="bbox 564 4198 1073 4276; baseline 0 -19"><span class='ocrx_word' id='word_1_127' title='bbox 564 4216 715 4257; x_wconf 88' lang='lat' dir='ltr'>unus</span> <span class='ocrx_word' id='word_1_128' title='bbox 741 4216 814 4258; x_wconf 87' lang='lat' dir='ltr'>ex</span> <span class='ocrx_word' id='word_1_129' title='bbox 844 4198 1073 4276; x_wconf 88' lang='lat' dir='ltr'>discipu</span> 
     </span>
    </p>

    <p class='ocr_par' dir='ltr' id='par_1_7' title="bbox 562 4292 1107 4447">
     <span class='ocr_line' id='line_1_40' title="bbox 563 4292 1107 4353; baseline -0.004 0"><span class='ocrx_word' id='word_1_130' title='bbox 563 4293 635 4353; x_wconf 88' lang='lat' dir='ltr'>lis</span> <span class='ocrx_word' id='word_1_131' title='bbox 656 4293 777 4353; x_wconf 87' lang='lat' dir='ltr'>suis</span> <span class='ocrx_word' id='word_1_132' title='bbox 858 4292 1107 4352; x_wconf 82' lang='lat' dir='ltr'>andreas</span> 
     </span>
     <span class='ocr_line' id='line_1_41' title="bbox 562 4386 1008 4447; baseline 0.007 -3"><span class='ocrx_word' id='word_1_133' title='bbox 562 4386 737 4446; x_wconf 85' lang='lat' dir='ltr'>frater</span> <span class='ocrx_word' id='word_1_134' title='bbox 764 4387 1008 4447; x_wconf 89' lang='lat' dir='ltr'>simonis</span> 
     </span>
    </p>

    <p class='ocr_par' dir='ltr' id='par_1_8' title="bbox 561 4479 1137 4559">
     <span class='ocr_line' id='line_1_42' title="bbox 561 4479 1137 4559; baseline 0.005 -22"><span class='ocrx_word' id='word_1_135' title='bbox 561 4480 709 4556; x_wconf 88' lang='lat' dir='ltr'>petri</span> <span class='ocrx_word' id='word_1_136' title='bbox 727 4511 743 4528; x_wconf 93' lang='lat'><strong>·</strong></span> <span class='ocrx_word' id='word_1_137' title='bbox 808 4481 831 4514; x_wconf 80' lang='lat'><strong>⁹</strong></span> <span class='ocrx_word' id='word_1_138' title='bbox 851 4479 959 4540; x_wconf 90' lang='lat' dir='ltr'>Est</span> <span class='ocrx_word' id='word_1_139' title='bbox 988 4497 1137 4559; x_wconf 89' lang='lat' dir='ltr'>puer</span> 
     </span>
    </p>
   </div>
   <div class='ocr_carea' id='block_1_5' title="bbox 1854 353 2330 429">
    <p class='ocr_par' dir='ltr' id='par_1_9' title="bbox 1854 353 2330 429">
     <span class='ocr_line' id='line_1_43' title="bbox 1854 353 2330 429; baseline 0 -2"><span class='ocrx_word' id='word_1_140' title='bbox 1854 366 2077 429; x_wconf 81' lang='lat' dir='ltr'><em>JOHA</em></span> <span class='ocrx_word' id='word_1_141' title='bbox 2089 353 2302 429; x_wconf 76' lang='lat' dir='ltr'><em>NNE&#39;</em></span> <span class='ocrx_word' id='word_1_142' title='bbox 2315 397 2330 413; x_wconf 92' lang='lat'><strong>·</strong></span> 
     </span>
    </p>
   </div>
   <div class='ocr_carea' id='block_1_6' title="bbox 1333 778 1935 1231">
    <p class='ocr_par' dir='ltr' id='par_1_10' title="bbox 1333 778 1935 1231">
     <span class='ocr_line' id='line_1_44' title="bbox 1335 778 1843 857; baseline 0.002 -19"><span class='ocrx_word' id='word_1_143' title='bbox 1335 795 1487 838; x_wconf 88' lang='lat' dir='ltr'>unus</span> <span class='ocrx_word' id='word_1_144' title='bbox 1514 778 1610 838; x_wconf 91' lang='lat' dir='ltr'>hic</span> <span class='ocrx_word' id='word_1_145' title='bbox 1638 778 1738 857; x_wconf 92' lang='lat' dir='ltr'>qui</span> <span class='ocrx_word' id='word_1_146' title='bbox 1766 778 1843 839; x_wconf 88' lang='lat' dir='ltr'>ha</span> 
     </span>
     <span class='ocr_line' id='line_1_45' title="bbox 1335 872 1935 952; baseline 0.005 -21"><span class='ocrx_word' id='word_1_147' title='bbox 1335 872 1435 932; x_wconf 90' lang='lat' dir='ltr'>bet</span> <span class='ocrx_word' id='word_1_148' title='bbox 1462 873 1721 951; x_wconf 90' lang='lat' dir='ltr'>quinque</span> <span class='ocrx_word' id='word_1_149' title='bbox 1749 891 1935 952; x_wconf 87' lang='lat' dir='ltr'>panes</span> 
     </span>
     <span class='ocr_line' id='line_1_46' title="bbox 1336 966 1893 1028; baseline 0.007 -4"><span class='ocrx_word' id='word_1_150' title='bbox 1336 966 1630 1026; x_wconf 89' lang='lat' dir='ltr'>ordiacios</span> <span class='ocrx_word' id='word_1_151' title='bbox 1656 978 1715 1027; x_wconf 91' lang='lat' dir='ltr'>et</span> <span class='ocrx_word' id='word_1_152' title='bbox 1742 966 1893 1028; x_wconf 89' lang='lat' dir='ltr'>duos</span> 
     </span>
     <span class='ocr_line' id='line_1_47' title="bbox 1334 1060 1831 1136; baseline 0.01 -19"><span class='ocrx_word' id='word_1_153' title='bbox 1334 1060 1648 1136; x_wconf 88' lang='lat' dir='ltr'>pisciculos</span> <span class='ocrx_word' id='word_1_154' title='bbox 1712 1060 1831 1121; x_wconf 89' lang='lat' dir='ltr'>Sed</span> 
     </span>
     <span class='ocr_line' id='line_1_48' title="bbox 1333 1152 1893 1231; baseline 0.004 -20"><span class='ocrx_word' id='word_1_155' title='bbox 1333 1152 1480 1213; x_wconf 84' lang='lat' dir='ltr'>haec</span> <span class='ocrx_word' id='word_1_156' title='bbox 1508 1154 1649 1231; x_wconf 91' lang='lat' dir='ltr'>quid</span> <span class='ocrx_word' id='word_1_157' title='bbox 1670 1164 1805 1214; x_wconf 90' lang='lat' dir='ltr'>sunt</span> <span class='ocrx_word' id='word_1_158' title='bbox 1830 1156 1893 1213; x_wconf 90' lang='lat' dir='ltr'>in</span> 
     </span>
    </p>
   </div>
   <div class='ocr_carea' id='block_1_7' title="bbox 1285 1246 1931 1308">
    <p class='ocr_par' dir='ltr' id='par_1_11' title="bbox 1285 1246 1931 1308">
     <span class='ocr_line' id='line_1_49' title="bbox 1285 1246 1931 1308; baseline 0.006 -4"><span class='ocrx_word' id='word_1_159' title='bbox 1285 1280 1295 1289; x_wconf 91' lang='lat'><strong>·</strong></span> <span class='ocrx_word' id='word_1_160' title='bbox 1332 1247 1508 1306; x_wconf 90' lang='lat' dir='ltr'>tantis</span> <span class='ocrx_word' id='word_1_161' title='bbox 1532 1278 1547 1293; x_wconf 91' lang='lat'><strong>·</strong></span> <span class='ocrx_word' id='word_1_162' title='bbox 1602 1246 1648 1281; x_wconf 85' lang='lat'>¹⁰</span> <span class='ocrx_word' id='word_1_163' title='bbox 1666 1247 1830 1308; x_wconf 85' lang='lat' dir='ltr'>Dixit</span> <span class='ocrx_word' id='word_1_164' title='bbox 1856 1267 1931 1308; x_wconf 91' lang='lat' dir='ltr'>au</span> 
     </span>
    </p>
   </div>
   <div class='ocr_carea' id='block_1_8' title="bbox 1323 1341 1975 2621">
    <p class='ocr_par' dir='ltr' id='par_1_12' title="bbox 1328 1341 1883 1683">
     <span class='ocr_line' id='line_1_50' title="bbox 1331 1341 1883 1403; baseline 0.009 -5"><span class='ocrx_word' id='word_1_165' title='bbox 1331 1350 1452 1399; x_wconf 90' lang='lat' dir='ltr'>tem</span> <span class='ocrx_word' id='word_1_166' title='bbox 1481 1342 1572 1401; x_wconf 82' lang='lat' dir='ltr'>ihs</span> <span class='ocrx_word' id='word_1_167' title='bbox 1601 1341 1773 1402; x_wconf 87' lang='lat' dir='ltr'>facite</span> <span class='ocrx_word' id='word_1_168' title='bbox 1802 1342 1883 1403; x_wconf 85' lang='lat' dir='ltr'>ho</span> 
     </span>
     <span class='ocr_line' id='line_1_51' title="bbox 1328 1434 1855 1496; baseline 0.008 -4"><span class='ocrx_word' id='word_1_169' title='bbox 1328 1434 1520 1494; x_wconf 88' lang='lat' dir='ltr'>mines</span> <span class='ocrx_word' id='word_1_170' title='bbox 1553 1435 1855 1496; x_wconf 89' lang='lat' dir='ltr'>discumbe</span> 
     </span>
     <span class='ocr_line' id='line_1_52' title="bbox 1328 1527 1851 1589; baseline 0.008 -4"><span class='ocrx_word' id='word_1_171' title='bbox 1328 1545 1391 1586; x_wconf 91' lang='lat' dir='ltr'>re</span> <span class='ocrx_word' id='word_1_172' title='bbox 1412 1558 1427 1574; x_wconf 92' lang='lat'><strong>·</strong></span> <span class='ocrx_word' id='word_1_173' title='bbox 1486 1527 1630 1589; x_wconf 87' lang='lat' dir='ltr'>Erat</span> <span class='ocrx_word' id='word_1_174' title='bbox 1657 1540 1851 1589; x_wconf 89' lang='lat' dir='ltr'>autem</span> 
     </span>
     <span class='ocr_line' id='line_1_53' title="bbox 1330 1620 1803 1683; baseline 0.008 -4"><span class='ocrx_word' id='word_1_175' title='bbox 1330 1620 1530 1681; x_wconf 90' lang='lat' dir='ltr'>fenum</span> <span class='ocrx_word' id='word_1_176' title='bbox 1557 1623 1803 1683; x_wconf 83' lang='lat' dir='ltr'>multum</span> 
     </span>
    </p>

    <p class='ocr_par' dir='ltr' id='par_1_13' title="bbox 1323 1716 1975 2621">
     <span class='ocr_line' id='line_1_54' title="bbox 1330 1716 1949 1779; baseline 0.011 -7"><span class='ocrx_word' id='word_1_177' title='bbox 1330 1716 1394 1773; x_wconf 92' lang='lat' dir='ltr'>in</span> <span class='ocrx_word' id='word_1_178' title='bbox 1421 1716 1518 1775; x_wconf 90' lang='lat' dir='ltr'>illo</span> <span class='ocrx_word' id='word_1_179' title='bbox 1546 1716 1683 1777; x_wconf 92' lang='lat' dir='ltr'>loco</span> <span class='ocrx_word' id='word_1_180' title='bbox 1706 1748 1721 1763; x_wconf 93' lang='lat'><strong>·</strong></span> <span class='ocrx_word' id='word_1_181' title='bbox 1782 1718 1859 1777; x_wconf 89' lang='lat' dir='ltr'>Et</span> <span class='ocrx_word' id='word_1_182' title='bbox 1886 1738 1949 1779; x_wconf 89' lang='lat' dir='ltr'>re</span> 
     </span>
     <span class='ocr_line' id='line_1_55' title="bbox 1331 1811 1825 1870; baseline 0.006 -3"><span class='ocrx_word' id='word_1_183' title='bbox 1331 1811 1653 1870; x_wconf 90' lang='lat' dir='ltr'>cubuerunt</span> <span class='ocrx_word' id='word_1_184' title='bbox 1679 1812 1787 1870; x_wconf 90' lang='lat' dir='ltr'>uiri</span> <span class='ocrx_word' id='word_1_185' title='bbox 1810 1843 1825 1859; x_wconf 92' lang='lat'><strong>·</strong></span> 
     </span>
     <span class='ocr_line' id='line_1_56' title="bbox 1330 1904 1923 1982; baseline 0.007 -21"><span class='ocrx_word' id='word_1_186' title='bbox 1330 1904 1495 1980; x_wconf 83' lang='lat' dir='ltr'>quasi</span> <span class='ocrx_word' id='word_1_187' title='bbox 1523 1904 1737 1982; x_wconf 57' lang='lat' dir='ltr'>quinqs</span> <span class='ocrx_word' id='word_1_188' title='bbox 1764 1906 1923 1966; x_wconf 89' lang='lat' dir='ltr'>milia</span> 
     </span>
     <span class='ocr_line' id='line_1_57' title="bbox 1329 1995 1975 2077; baseline 0.009 -22"><span class='ocrx_word' id='word_1_189' title='bbox 1329 1995 1373 2031; x_wconf 85' lang='lat'>²¹</span> <span class='ocrx_word' id='word_1_190' title='bbox 1390 1998 1642 2075; x_wconf 89' lang='lat' dir='ltr'>Accepit</span> <span class='ocrx_word' id='word_1_191' title='bbox 1670 1999 1868 2077; x_wconf 89' lang='lat' dir='ltr'>itaque</span> <span class='ocrx_word' id='word_1_192' title='bbox 1895 2018 1975 2077; x_wconf 89' lang='lat' dir='ltr'>pa</span> 
     </span>
     <span class='ocr_line' id='line_1_58' title="bbox 1328 2091 1892 2154; baseline 0.009 -5"><span class='ocrx_word' id='word_1_193' title='bbox 1328 2108 1435 2151; x_wconf 90' lang='lat' dir='ltr'>nes</span> <span class='ocrx_word' id='word_1_194' title='bbox 1464 2091 1554 2150; x_wconf 79' lang='lat' dir='ltr'>ihs</span> <span class='ocrx_word' id='word_1_195' title='bbox 1576 2124 1591 2139; x_wconf 90' lang='lat'><strong>·</strong></span> <span class='ocrx_word' id='word_1_196' title='bbox 1654 2102 1713 2151; x_wconf 90' lang='lat' dir='ltr'>et</span> <span class='ocrx_word' id='word_1_197' title='bbox 1741 2093 1892 2154; x_wconf 91' lang='lat' dir='ltr'>bene</span> 
     </span>
     <span class='ocr_line' id='line_1_59' title="bbox 1329 2185 1867 2246; baseline 0.004 -2"><span class='ocrx_word' id='word_1_198' title='bbox 1329 2185 1475 2245; x_wconf 84' lang='lat' dir='ltr'>dixit</span> <span class='ocrx_word' id='word_1_199' title='bbox 1530 2196 1587 2245; x_wconf 91' lang='lat' dir='ltr'>et</span> <span class='ocrx_word' id='word_1_200' title='bbox 1617 2187 1776 2246; x_wconf 81' lang='lat' dir='ltr'>dedit</span> <span class='ocrx_word' id='word_1_201' title='bbox 1803 2205 1867 2246; x_wconf 90' lang='lat' dir='ltr'>re</span> 
     </span>
     <span class='ocr_line' id='line_1_60' title="bbox 1325 2279 1869 2341; baseline 0.006 -2"><span class='ocrx_word' id='word_1_202' title='bbox 1325 2279 1735 2341; x_wconf 89' lang='lat' dir='ltr'>cumbentibus</span> <span class='ocrx_word' id='word_1_203' title='bbox 1753 2312 1767 2327; x_wconf 94' lang='lat'><strong>·</strong></span> <span class='ocrx_word' id='word_1_204' title='bbox 1786 2314 1869 2328; x_wconf 89' lang='lat'>-—</span> 
     </span>
     <span class='ocr_line' id='line_1_61' title="bbox 1327 2372 1906 2451; baseline 0.003 -19"><span class='ocrx_word' id='word_1_205' title='bbox 1327 2372 1599 2433; x_wconf 88' lang='lat' dir='ltr'>Similiter</span> <span class='ocrx_word' id='word_1_206' title='bbox 1626 2384 1683 2433; x_wconf 90' lang='lat' dir='ltr'>et</span> <span class='ocrx_word' id='word_1_207' title='bbox 1710 2374 1785 2433; x_wconf 87' lang='lat' dir='ltr'>de</span> <span class='ocrx_word' id='word_1_208' title='bbox 1812 2375 1906 2451; x_wconf 91' lang='lat' dir='ltr'>pis</span> 
     </span>
     <span class='ocr_line' id='line_1_62' title="bbox 1325 2467 1859 2546; baseline 0 -18"><span class='ocrx_word' id='word_1_209' title='bbox 1325 2467 1491 2528; x_wconf 88' lang='lat' dir='ltr'>cibus</span> <span class='ocrx_word' id='word_1_210' title='bbox 1573 2478 1859 2546; x_wconf 89' lang='lat' dir='ltr'>quantum</span> 
     </span>
     <span class='ocr_line' id='line_1_63' title="bbox 1323 2561 1671 2621; baseline 0.003 -2"><span class='ocrx_word' id='word_1_211' title='bbox 1323 2561 1634 2621; x_wconf 89' lang='lat' dir='ltr'>uoluerunt</span> <span class='ocrx_word' id='word_1_212' title='bbox 1656 2592 1671 2608; x_wconf 92' lang='lat'><strong>·</strong></span> 
     </span>
    </p>
   </div>
   <div class='ocr_carea' id='block_1_9' title="bbox 1316 2689 1999 4557">
    <p class='ocr_par' dir='ltr' id='par_1_14' title="bbox 1318 2689 1985 4068">
     <span class='ocr_line' id='line_1_64' title="bbox 1324 2689 1985 2755; baseline 0.005 -3"><span class='ocrx_word' id='word_1_213' title='bbox 1324 2689 1368 2725; x_wconf 79' lang='lat'>¹²</span> <span class='ocrx_word' id='word_1_214' title='bbox 1386 2691 1539 2752; x_wconf 90' lang='lat' dir='ltr'>Cum</span> <span class='ocrx_word' id='word_1_215' title='bbox 1567 2703 1764 2753; x_wconf 87' lang='lat' dir='ltr'>autem</span> <span class='ocrx_word' id='word_1_216' title='bbox 1791 2705 1985 2755; x_wconf 84' lang='lat' dir='ltr'>satura</span> 
     </span>
     <span class='ocr_line' id='line_1_65' title="bbox 1324 2788 1829 2848; baseline 0.004 -3"><span class='ocrx_word' id='word_1_217' title='bbox 1324 2788 1367 2845; x_wconf 93' lang='lat' dir='ltr'>ti</span> <span class='ocrx_word' id='word_1_218' title='bbox 1392 2797 1591 2846; x_wconf 88' lang='lat' dir='ltr'>essent</span> <span class='ocrx_word' id='word_1_219' title='bbox 1612 2819 1627 2834; x_wconf 93' lang='lat'><strong>·</strong></span> <span class='ocrx_word' id='word_1_220' title='bbox 1689 2788 1829 2848; x_wconf 90' lang='lat' dir='ltr'>dicit</span> 
     </span>
     <span class='ocr_line' id='line_1_66' title="bbox 1325 2881 1857 2942; baseline 0.002 -2"><span class='ocrx_word' id='word_1_221' title='bbox 1325 2881 1683 2942; x_wconf 86' lang='lat' dir='ltr'>discentibus</span> <span class='ocrx_word' id='word_1_222' title='bbox 1706 2883 1824 2942; x_wconf 92' lang='lat' dir='ltr'>suis</span> <span class='ocrx_word' id='word_1_223' title='bbox 1842 2913 1857 2930; x_wconf 91' lang='lat'><strong>·</strong></span> 
     </span>
     <span class='ocr_line' id='line_1_67' title="bbox 1323 2975 1855 3053; baseline -0.004 -17"><span class='ocrx_word' id='word_1_224' title='bbox 1323 2975 1577 3051; x_wconf 83' lang='lat' dir='ltr'>colligite</span> <span class='ocrx_word' id='word_1_225' title='bbox 1607 2994 1756 3053; x_wconf 89' lang='lat' dir='ltr'>quae</span> <span class='ocrx_word' id='word_1_226' title='bbox 1786 2995 1855 3035; x_wconf 91' lang='lat' dir='ltr'>su</span> 
     </span>
     <span class='ocr_line' id='line_1_68' title="bbox 1320 3069 1820 3147; baseline 0 -19"><span class='ocrx_word' id='word_1_227' title='bbox 1320 3079 1667 3146; x_wconf 88' lang='lat' dir='ltr'>perauerunt</span> <span class='ocrx_word' id='word_1_228' title='bbox 1694 3069 1820 3147; x_wconf 81' lang='lat' dir='ltr'>frag</span> 
     </span>
     <span class='ocr_line' id='line_1_69' title="bbox 1322 3165 1889 3223; baseline 0.002 -2"><span class='ocrx_word' id='word_1_229' title='bbox 1322 3173 1654 3223; x_wconf 87' lang='lat' dir='ltr'>mentorum</span> <span class='ocrx_word' id='word_1_230' title='bbox 1734 3173 1799 3223; x_wconf 93' lang='lat' dir='ltr'>ut</span> <span class='ocrx_word' id='word_1_231' title='bbox 1828 3165 1889 3222; x_wconf 92' lang='lat' dir='ltr'>ni</span> 
     </span>
     <span class='ocr_line' id='line_1_70' title="bbox 1322 3256 1942 3334; baseline 0.005 -20"><span class='ocrx_word' id='word_1_232' title='bbox 1322 3257 1403 3314; x_wconf 90' lang='lat' dir='ltr'>nil</span> <span class='ocrx_word' id='word_1_233' title='bbox 1431 3267 1629 3334; x_wconf 89' lang='lat' dir='ltr'>pereat</span> <span class='ocrx_word' id='word_1_234' title='bbox 1653 3289 1667 3304; x_wconf 93' lang='lat'><strong>·</strong></span> <span class='ocrx_word' id='word_1_235' title='bbox 1710 3256 1755 3290; x_wconf 83' lang='lat'>²⁸</span> <span class='ocrx_word' id='word_1_236' title='bbox 1775 3257 1942 3317; x_wconf 88' lang='lat' dir='ltr'>Colle</span> 
     </span>
     <span class='ocr_line' id='line_1_71' title="bbox 1320 3353 1900 3428; baseline 0.002 -18"><span class='ocrx_word' id='word_1_237' title='bbox 1320 3361 1532 3427; x_wconf 87' lang='lat' dir='ltr'>gerunt</span> <span class='ocrx_word' id='word_1_238' title='bbox 1559 3369 1702 3428; x_wconf 87' lang='lat' dir='ltr'>ergo</span> <span class='ocrx_word' id='word_1_239' title='bbox 1730 3362 1790 3411; x_wconf 90' lang='lat' dir='ltr'>et</span> <span class='ocrx_word' id='word_1_240' title='bbox 1816 3353 1900 3411; x_wconf 90' lang='lat' dir='ltr'>im</span> 
     </span>
     <span class='ocr_line' id='line_1_72' title="bbox 1318 3444 1846 3522; baseline 0.004 -19"><span class='ocrx_word' id='word_1_241' title='bbox 1318 3446 1624 3522; x_wconf 86' lang='lat' dir='ltr'>pleuerunt</span> <span class='ocrx_word' id='word_1_242' title='bbox 1649 3444 1846 3505; x_wconf 89' lang='lat' dir='ltr'>duode</span> 
     </span>
     <span class='ocr_line' id='line_1_73' title="bbox 1319 3538 1845 3617; baseline 0 -19"><span class='ocrx_word' id='word_1_243' title='bbox 1319 3540 1437 3598; x_wconf 92' lang='lat' dir='ltr'>cim</span> <span class='ocrx_word' id='word_1_244' title='bbox 1464 3540 1691 3600; x_wconf 90' lang='lat' dir='ltr'>cofinos</span> <span class='ocrx_word' id='word_1_245' title='bbox 1717 3538 1845 3617; x_wconf 80' lang='lat' dir='ltr'>frag</span> 
     </span>
     <span class='ocr_line' id='line_1_74' title="bbox 1320 3632 1928 3711; baseline 0 -20"><span class='ocrx_word' id='word_1_246' title='bbox 1320 3644 1654 3692; x_wconf 90' lang='lat' dir='ltr'>mentorum</span> <span class='ocrx_word' id='word_1_247' title='bbox 1681 3632 1755 3692; x_wconf 90' lang='lat' dir='ltr'>de</span> <span class='ocrx_word' id='word_1_248' title='bbox 1783 3633 1928 3711; x_wconf 90' lang='lat' dir='ltr'>quin</span> 
     </span>
     <span class='ocr_line' id='line_1_75' title="bbox 1320 3728 1913 3805; baseline 0 -19"><span class='ocrx_word' id='word_1_249' title='bbox 1320 3745 1437 3805; x_wconf 86' lang='lat' dir='ltr'>que</span> <span class='ocrx_word' id='word_1_250' title='bbox 1464 3728 1717 3804; x_wconf 86' lang='lat' dir='ltr'>panibus</span> <span class='ocrx_word' id='word_1_251' title='bbox 1746 3728 1913 3788; x_wconf 89' lang='lat' dir='ltr'>ordia</span> 
     </span>
     <span class='ocr_line' id='line_1_76' title="bbox 1321 3821 1894 3898; baseline 0 -18"><span class='ocrx_word' id='word_1_252' title='bbox 1321 3821 1432 3880; x_wconf 86' lang='lat' dir='ltr'>ciis</span> <span class='ocrx_word' id='word_1_253' title='bbox 1453 3851 1468 3867; x_wconf 92' lang='lat'><strong>·</strong></span> <span class='ocrx_word' id='word_1_254' title='bbox 1532 3839 1650 3898; x_wconf 89' lang='lat' dir='ltr'>que</span> <span class='ocrx_word' id='word_1_255' title='bbox 1678 3838 1894 3898; x_wconf 88' lang='lat' dir='ltr'>supera</span> 
     </span>
     <span class='ocr_line' id='line_1_77' title="bbox 1320 3915 1937 3991; baseline 0.002 -18"><span class='ocrx_word' id='word_1_256' title='bbox 1320 3925 1525 3974; x_wconf 88' lang='lat' dir='ltr'>uerant</span> <span class='ocrx_word' id='word_1_257' title='bbox 1554 3915 1640 3973; x_wconf 91' lang='lat' dir='ltr'>eis</span> <span class='ocrx_word' id='word_1_258' title='bbox 1669 3915 1771 3991; x_wconf 84' lang='lat' dir='ltr'>qui</span> <span class='ocrx_word' id='word_1_259' title='bbox 1798 3933 1937 3974; x_wconf 90' lang='lat' dir='ltr'>man</span> 
     </span>
     <span class='ocr_line' id='line_1_78' title="bbox 1319 4008 1830 4068; baseline 0.002 -1"><span class='ocrx_word' id='word_1_260' title='bbox 1319 4008 1683 4068; x_wconf 86' lang='lat' dir='ltr'>ducauerant</span> <span class='ocrx_word' id='word_1_261' title='bbox 1708 4041 1721 4054; x_wconf 92' lang='lat'><strong>·</strong></span> <span class='ocrx_word' id='word_1_262' title='bbox 1745 4040 1830 4052; x_wconf 89' lang='lat'>—</span> 
     </span>
    </p>

    <p class='ocr_par' dir='ltr' id='par_1_15' title="bbox 1316 4099 1999 4557">
     <span class='ocr_line' id='line_1_79' title="bbox 1320 4099 1999 4162; baseline 0.003 -2"><span class='ocrx_word' id='word_1_263' title='bbox 1320 4099 1365 4134; x_wconf 81' lang='lat'>¹⁴</span> <span class='ocrx_word' id='word_1_264' title='bbox 1381 4101 1674 4162; x_wconf 90' lang='lat' dir='ltr'>Homines</span> <span class='ocrx_word' id='word_1_265' title='bbox 1699 4120 1843 4161; x_wconf 88' lang='lat' dir='ltr'>uero</span> <span class='ocrx_word' id='word_1_266' title='bbox 1865 4121 1999 4162; x_wconf 91' lang='lat' dir='ltr'>cum</span> 
     </span>
     <span class='ocr_line' id='line_1_80' title="bbox 1320 4195 1829 4273; baseline 0 -19"><span class='ocrx_word' id='word_1_267' title='bbox 1320 4195 1607 4256; x_wconf 89' lang='lat' dir='ltr'>uidissent</span> <span class='ocrx_word' id='word_1_268' title='bbox 1669 4195 1829 4273; x_wconf 92' lang='lat' dir='ltr'>quod</span> 
     </span>
     <span class='ocr_line' id='line_1_81' title="bbox 1321 4289 1873 4366; baseline 0.004 -18"><span class='ocrx_word' id='word_1_269' title='bbox 1321 4289 1456 4349; x_wconf 80' lang='lat' dir='ltr'>fecit</span> <span class='ocrx_word' id='word_1_270' title='bbox 1484 4291 1720 4366; x_wconf 89' lang='lat' dir='ltr'>signum</span> <span class='ocrx_word' id='word_1_271' title='bbox 1746 4289 1836 4350; x_wconf 82' lang='lat' dir='ltr'>ihs</span> <span class='ocrx_word' id='word_1_272' title='bbox 1858 4321 1873 4337; x_wconf 92' lang='lat'><strong>·</strong></span> 
     </span>
     <span class='ocr_line' id='line_1_82' title="bbox 1318 4383 1830 4444; baseline 0 -1"><span class='ocrx_word' id='word_1_273' title='bbox 1318 4383 1593 4444; x_wconf 83' lang='lat' dir='ltr'>dicebant</span> <span class='ocrx_word' id='word_1_274' title='bbox 1618 4385 1711 4443; x_wconf 89' lang='lat' dir='ltr'>hic</span> <span class='ocrx_word' id='word_1_275' title='bbox 1741 4394 1830 4443; x_wconf 90' lang='lat' dir='ltr'>est</span> 
     </span>
     <span class='ocr_line' id='line_1_83' title="bbox 1316 4477 1835 4557; baseline -0.002 -20"><span class='ocrx_word' id='word_1_276' title='bbox 1316 4496 1453 4538; x_wconf 89' lang='lat' dir='ltr'>uere</span> <span class='ocrx_word' id='word_1_277' title='bbox 1482 4478 1711 4556; x_wconf 87' lang='lat' dir='ltr'>profeta</span> <span class='ocrx_word' id='word_1_278' title='bbox 1735 4477 1835 4557; x_wconf 92' lang='lat' dir='ltr'>qui</span> 
     </span>
    </p>
   </div>
   <div class='ocr_carea' id='block_1_10' title="bbox 2130 778 2837 2641">
    <p class='ocr_par' dir='ltr' id='par_1_16' title="bbox 2138 778 2750 1044">
     <span class='ocr_line' id='line_1_84' title="bbox 2138 778 2750 840; baseline 0 -3"><span class='ocrx_word' id='word_1_279' title='bbox 2138 778 2304 839; x_wconf 86' lang='lat' dir='ltr'>uenit</span> <span class='ocrx_word' id='word_1_280' title='bbox 2330 778 2392 838; x_wconf 91' lang='lat' dir='ltr'>in</span> <span class='ocrx_word' id='word_1_281' title='bbox 2421 778 2577 840; x_wconf 90' lang='lat' dir='ltr'>hunc</span> <span class='ocrx_word' id='word_1_282' title='bbox 2604 797 2750 838; x_wconf 90' lang='lat' dir='ltr'>mun</span> 
     </span>
     <span class='ocr_line' id='line_1_85' title="bbox 2140 868 2705 933; baseline 0.005 -4"><span class='ocrx_word' id='word_1_283' title='bbox 2140 871 2284 930; x_wconf 89' lang='lat' dir='ltr'>dum</span> <span class='ocrx_word' id='word_1_284' title='bbox 2306 902 2320 917; x_wconf 92' lang='lat'><strong>·</strong></span> <span class='ocrx_word' id='word_1_285' title='bbox 2381 868 2426 906; x_wconf 81' lang='lat'>¹⁸</span> <span class='ocrx_word' id='word_1_286' title='bbox 2443 872 2544 931; x_wconf 82' lang='lat' dir='ltr'>Ihs</span> <span class='ocrx_word' id='word_1_287' title='bbox 2571 878 2705 933; x_wconf 64' lang='lat' dir='ltr'>aute</span> 
     </span>
     <span class='ocr_line' id='line_1_86' title="bbox 2141 965 2642 1044; baseline 0.002 -19"><span class='ocrx_word' id='word_1_288' title='bbox 2141 965 2334 1025; x_wconf 88' lang='lat' dir='ltr'>sciens</span> <span class='ocrx_word' id='word_1_289' title='bbox 2362 966 2499 1044; x_wconf 89' lang='lat' dir='ltr'>quia</span> <span class='ocrx_word' id='word_1_290' title='bbox 2523 984 2642 1026; x_wconf 90' lang='lat' dir='ltr'>uen</span> 
     </span>
    </p>

    <p class='ocr_par' dir='ltr' id='par_1_17' title="bbox 2140 1060 2618 1137">
     <span class='ocr_line' id='line_1_87' title="bbox 2140 1060 2618 1137; baseline 0.008 -21"><span class='ocrx_word' id='word_1_291' title='bbox 2140 1060 2252 1117; x_wconf 88' lang='lat' dir='ltr'>turi</span> <span class='ocrx_word' id='word_1_292' title='bbox 2283 1070 2449 1120; x_wconf 89' lang='lat' dir='ltr'>erant</span> <span class='ocrx_word' id='word_1_293' title='bbox 2476 1078 2618 1137; x_wconf 86' lang='lat' dir='ltr'>rape</span> 
     </span>
    </p>

    <p class='ocr_par' dir='ltr' id='par_1_18' title="bbox 2137 1152 2680 1213">
     <span class='ocr_line' id='line_1_88' title="bbox 2137 1152 2680 1213; baseline 0.004 -2"><span class='ocrx_word' id='word_1_294' title='bbox 2137 1170 2204 1211; x_wconf 90' lang='lat' dir='ltr'>re</span> <span class='ocrx_word' id='word_1_295' title='bbox 2232 1152 2395 1211; x_wconf 89' lang='lat' dir='ltr'>illum</span> <span class='ocrx_word' id='word_1_296' title='bbox 2463 1163 2522 1213; x_wconf 95' lang='lat' dir='ltr'>et</span> <span class='ocrx_word' id='word_1_297' title='bbox 2551 1154 2680 1213; x_wconf 88' lang='lat' dir='ltr'>face</span> 
     </span>
    </p>

    <p class='ocr_par' dir='ltr' id='par_1_19' title="bbox 2136 1248 2713 1402">
     <span class='ocr_line' id='line_1_89' title="bbox 2136 1248 2713 1325; baseline 0.009 -22"><span class='ocrx_word' id='word_1_298' title='bbox 2136 1264 2201 1305; x_wconf 88' lang='lat' dir='ltr'>re</span> <span class='ocrx_word' id='word_1_299' title='bbox 2229 1265 2430 1325; x_wconf 88' lang='lat' dir='ltr'>regem</span> <span class='ocrx_word' id='word_1_300' title='bbox 2453 1279 2468 1295; x_wconf 92' lang='lat'><strong>·</strong></span> <span class='ocrx_word' id='word_1_301' title='bbox 2531 1248 2713 1309; x_wconf 89' lang='lat' dir='ltr'>Seces</span> 
     </span>
     <span class='ocr_line' id='line_1_90' title="bbox 2138 1341 2707 1402; baseline 0.004 -3"><span class='ocrx_word' id='word_1_302' title='bbox 2138 1342 2211 1399; x_wconf 90' lang='lat' dir='ltr'>sit</span> <span class='ocrx_word' id='word_1_303' title='bbox 2239 1341 2446 1400; x_wconf 89' lang='lat' dir='ltr'>iterum</span> <span class='ocrx_word' id='word_1_304' title='bbox 2474 1344 2536 1400; x_wconf 91' lang='lat' dir='ltr'>in</span> <span class='ocrx_word' id='word_1_305' title='bbox 2564 1360 2707 1402; x_wconf 89' lang='lat' dir='ltr'>mon</span> 
     </span>
    </p>

    <p class='ocr_par' dir='ltr' id='par_1_20' title="bbox 2130 1435 2837 2641">
     <span class='ocr_line' id='line_1_91' title="bbox 2137 1435 2837 1511; baseline 0.007 -18"><span class='ocrx_word' id='word_1_306' title='bbox 2137 1444 2194 1493; x_wconf 89' lang='lat' dir='ltr'>te</span> <span class='ocrx_word' id='word_1_307' title='bbox 2223 1435 2341 1511; x_wconf 77' lang='lat' dir='ltr'>ip³e</span> <span class='ocrx_word' id='word_1_308' title='bbox 2369 1435 2526 1495; x_wconf 89' lang='lat' dir='ltr'>solus</span> <span class='ocrx_word' id='word_1_309' title='bbox 2549 1467 2564 1483; x_wconf 92' lang='lat'><strong>·</strong></span> <span class='ocrx_word' id='word_1_310' title='bbox 2623 1435 2667 1470; x_wconf 86' lang='lat'>¹⁸</span> <span class='ocrx_word' id='word_1_311' title='bbox 2684 1436 2837 1498; x_wconf 88' lang='lat' dir='ltr'>Cum</span> 
     </span>
     <span class='ocr_line' id='line_1_92' title="bbox 2136 1529 2673 1591; baseline 0.011 -6"><span class='ocrx_word' id='word_1_312' title='bbox 2136 1538 2333 1587; x_wconf 87' lang='lat' dir='ltr'>autem</span> <span class='ocrx_word' id='word_1_313' title='bbox 2361 1548 2491 1588; x_wconf 90' lang='lat' dir='ltr'>sero</span> <span class='ocrx_word' id='word_1_314' title='bbox 2518 1529 2673 1591; x_wconf 76' lang='lat' dir='ltr'>sactu</span> 
     </span>
     <span class='ocr_line' id='line_1_93' title="bbox 2136 1622 2695 1685; baseline 0.009 -5"><span class='ocrx_word' id='word_1_315' title='bbox 2136 1633 2290 1681; x_wconf 91' lang='lat' dir='ltr'>esset</span> <span class='ocrx_word' id='word_1_316' title='bbox 2308 1653 2323 1669; x_wconf 92' lang='lat'><strong>·</strong></span> <span class='ocrx_word' id='word_1_317' title='bbox 2381 1622 2695 1685; x_wconf 89' lang='lat' dir='ltr'>Descende</span> 
     </span>
     <span class='ocr_line' id='line_1_94' title="bbox 2134 1716 2721 1795; baseline 0.009 -21"><span class='ocrx_word' id='word_1_318' title='bbox 2134 1726 2270 1775; x_wconf 90' lang='lat' dir='ltr'>runt</span> <span class='ocrx_word' id='word_1_319' title='bbox 2298 1716 2567 1795; x_wconf 88' lang='lat' dir='ltr'>discipuli</span> <span class='ocrx_word' id='word_1_320' title='bbox 2595 1720 2721 1780; x_wconf 89' lang='lat' dir='ltr'>eius</span> 
     </span>
     <span class='ocr_line' id='line_1_95' title="bbox 2134 1810 2783 1873; baseline 0.006 -4"><span class='ocrx_word' id='word_1_321' title='bbox 2134 1810 2212 1869; x_wconf 89' lang='lat' dir='ltr'>ad</span> <span class='ocrx_word' id='word_1_322' title='bbox 2239 1830 2399 1871; x_wconf 91' lang='lat' dir='ltr'>mare</span> <span class='ocrx_word' id='word_1_323' title='bbox 2419 1842 2433 1858; x_wconf 93' lang='lat'><strong>·</strong></span> <span class='ocrx_word' id='word_1_324' title='bbox 2478 1810 2522 1845; x_wconf 74' lang='lat'>¹⁷</span> <span class='ocrx_word' id='word_1_325' title='bbox 2537 1811 2616 1872; x_wconf 92' lang='lat' dir='ltr'>Et</span> <span class='ocrx_word' id='word_1_326' title='bbox 2643 1831 2783 1873; x_wconf 89' lang='lat' dir='ltr'>cum</span> 
     </span>
     <span class='ocr_line' id='line_1_96' title="bbox 2134 1906 2630 1965; baseline 0.004 -2"><span class='ocrx_word' id='word_1_327' title='bbox 2134 1906 2540 1965; x_wconf 85' lang='lat' dir='ltr'>ascendissent</span> <span class='ocrx_word' id='word_1_328' title='bbox 2567 1908 2630 1965; x_wconf 91' lang='lat' dir='ltr'>in</span> 
     </span>
     <span class='ocr_line' id='line_1_97' title="bbox 2132 1998 2658 2077; baseline 0.01 -22"><span class='ocrx_word' id='word_1_329' title='bbox 2132 1998 2468 2077; x_wconf 79' lang='lat' dir='ltr'>nauiculam</span> <span class='ocrx_word' id='word_1_330' title='bbox 2495 2000 2658 2060; x_wconf 90' lang='lat' dir='ltr'>ibant</span> 
     </span>
     <span class='ocr_line' id='line_1_98' title="bbox 2132 2091 2592 2153; baseline 0 -2"><span class='ocrx_word' id='word_1_331' title='bbox 2132 2091 2502 2153; x_wconf 80' lang='lat' dir='ltr'>transfretare</span> <span class='ocrx_word' id='word_1_332' title='bbox 2529 2095 2592 2151; x_wconf 92' lang='lat' dir='ltr'>in</span> 
     </span>
     <span class='ocr_line' id='line_1_99' title="bbox 2133 2184 2753 2261; baseline 0.005 -17"><span class='ocrx_word' id='word_1_333' title='bbox 2133 2204 2494 2261; x_wconf 82' lang='lat' dir='ltr'>capernaum</span> <span class='ocrx_word' id='word_1_334' title='bbox 2513 2218 2528 2234; x_wconf 92' lang='lat'><strong>·</strong></span> <span class='ocrx_word' id='word_1_335' title='bbox 2591 2184 2666 2246; x_wconf 90' lang='lat' dir='ltr'>Et</span> <span class='ocrx_word' id='word_1_336' title='bbox 2695 2198 2753 2247; x_wconf 89' lang='lat' dir='ltr'>te</span> 
     </span>
     <span class='ocr_line' id='line_1_100' title="bbox 2132 2280 2710 2342; baseline 0.009 -5"><span class='ocrx_word' id='word_1_337' title='bbox 2132 2281 2350 2338; x_wconf 88' lang='lat' dir='ltr'>nebrae</span> <span class='ocrx_word' id='word_1_338' title='bbox 2377 2281 2496 2339; x_wconf 91' lang='lat' dir='ltr'>iam</span> <span class='ocrx_word' id='word_1_339' title='bbox 2525 2280 2710 2342; x_wconf 85' lang='lat' dir='ltr'>factae</span> 
     </span>
     <span class='ocr_line' id='line_1_101' title="bbox 2131 2376 2747 2435; baseline 0.008 -4"><span class='ocrx_word' id='word_1_340' title='bbox 2131 2385 2298 2433; x_wconf 89' lang='lat' dir='ltr'>erant</span> <span class='ocrx_word' id='word_1_341' title='bbox 2321 2405 2336 2421; x_wconf 92' lang='lat'><strong>·</strong></span> <span class='ocrx_word' id='word_1_342' title='bbox 2392 2385 2450 2435; x_wconf 88' lang='lat' dir='ltr'>et</span> <span class='ocrx_word' id='word_1_343' title='bbox 2477 2376 2747 2435; x_wconf 92' lang='lat' dir='ltr'>nondum</span> 
     </span>
     <span class='ocr_line' id='line_1_102' title="bbox 2130 2467 2792 2529; baseline 0.006 -3"><span class='ocrx_word' id='word_1_344' title='bbox 2130 2476 2371 2527; x_wconf 89' lang='lat' dir='ltr'>uenerat</span> <span class='ocrx_word' id='word_1_345' title='bbox 2399 2467 2474 2528; x_wconf 89' lang='lat' dir='ltr'>ad</span> <span class='ocrx_word' id='word_1_346' title='bbox 2503 2487 2607 2529; x_wconf 90' lang='lat' dir='ltr'>eos</span> <span class='ocrx_word' id='word_1_347' title='bbox 2636 2469 2752 2529; x_wconf 81' lang='lat' dir='ltr'>ihs·</span> <span class='ocrx_word' id='word_1_348' title='bbox 2777 2501 2792 2517; x_wconf 91' lang='lat'><strong>·</strong></span> 
     </span>
     <span class='ocr_line' id='line_1_103' title="bbox 2130 2561 2774 2641; baseline 0.012 -24"><span class='ocrx_word' id='word_1_349' title='bbox 2130 2561 2352 2622; x_wconf 61' lang='lat' dir='ltr'>¹”Mare</span> <span class='ocrx_word' id='word_1_350' title='bbox 2380 2579 2524 2624; x_wconf 88' lang='lat' dir='ltr'>uero</span> <span class='ocrx_word' id='word_1_351' title='bbox 2551 2581 2774 2641; x_wconf 86' lang='lat' dir='ltr'>magno</span> 
     </span>
    </p>
   </div>
   <div class='ocr_carea' id='block_1_11' title="bbox 2128 2693 2715 4554">
    <p class='ocr_par' dir='ltr' id='par_1_21' title="bbox 2128 2693 2706 3691">
     <span class='ocr_line' id='line_1_104' title="bbox 2128 2693 2620 2754; baseline 0.01 -4"><span class='ocrx_word' id='word_1_352' title='bbox 2128 2702 2310 2752; x_wconf 91' lang='lat' dir='ltr'>uento</span> <span class='ocrx_word' id='word_1_353' title='bbox 2338 2693 2516 2754; x_wconf 89' lang='lat' dir='ltr'>flante</span> <span class='ocrx_word' id='word_1_354' title='bbox 2545 2713 2620 2754; x_wconf 85' lang='lat' dir='ltr'>ex</span> 
     </span>
     <span class='ocr_line' id='line_1_105' title="bbox 2129 2787 2706 2862; baseline 0.005 -17"><span class='ocrx_word' id='word_1_355' title='bbox 2129 2788 2408 2862; x_wconf 89' lang='lat' dir='ltr'>surgebat</span> <span class='ocrx_word' id='word_1_356' title='bbox 2430 2819 2445 2834; x_wconf 91' lang='lat'><strong>·</strong></span> <span class='ocrx_word' id='word_1_357' title='bbox 2489 2787 2533 2822; x_wconf 84' lang='lat'>¹⁹</span> <span class='ocrx_word' id='word_1_358' title='bbox 2552 2789 2706 2848; x_wconf 89' lang='lat' dir='ltr'>Cum</span> 
     </span>
     <span class='ocr_line' id='line_1_106' title="bbox 2132 2881 2688 2958; baseline 0.005 -19"><span class='ocrx_word' id='word_1_359' title='bbox 2132 2898 2279 2956; x_wconf 89' lang='lat' dir='ltr'>ergo</span> <span class='ocrx_word' id='word_1_360' title='bbox 2305 2881 2688 2958; x_wconf 85' lang='lat' dir='ltr'>remigassent</span> 
     </span>
     <span class='ocr_line' id='line_1_107' title="bbox 2133 2974 2657 3052; baseline 0.006 -20"><span class='ocrx_word' id='word_1_361' title='bbox 2133 2974 2252 3034; x_wconf 90' lang='lat' dir='ltr'>fere</span> <span class='ocrx_word' id='word_1_362' title='bbox 2282 2974 2467 3034; x_wconf 88' lang='lat' dir='ltr'>stadia</span> <span class='ocrx_word' id='word_1_363' title='bbox 2493 2977 2657 3052; x_wconf 89' lang='lat' dir='ltr'>uigin</span> 
     </span>
     <span class='ocr_line' id='line_1_108' title="bbox 2132 3068 2641 3146; baseline 0.002 -19"><span class='ocrx_word' id='word_1_364' title='bbox 2132 3078 2190 3127; x_wconf 88' lang='lat' dir='ltr'>te</span> <span class='ocrx_word' id='word_1_365' title='bbox 2220 3068 2476 3146; x_wconf 89' lang='lat' dir='ltr'>quinque</span> <span class='ocrx_word' id='word_1_366' title='bbox 2544 3070 2641 3128; x_wconf 89' lang='lat' dir='ltr'>uel</span> 
     </span>
     <span class='ocr_line' id='line_1_109' title="bbox 2131 3163 2598 3238; baseline 0.004 -17"><span class='ocrx_word' id='word_1_367' title='bbox 2131 3163 2369 3238; x_wconf 86' lang='lat' dir='ltr'>triginta</span> <span class='ocrx_word' id='word_1_368' title='bbox 2386 3193 2401 3209; x_wconf 93' lang='lat'><strong>·</strong></span> <span class='ocrx_word' id='word_1_369' title='bbox 2462 3165 2598 3223; x_wconf 89' lang='lat' dir='ltr'>uide</span> 
     </span>
     <span class='ocr_line' id='line_1_110' title="bbox 2134 3256 2627 3317; baseline 0.006 -3"><span class='ocrx_word' id='word_1_370' title='bbox 2134 3267 2269 3315; x_wconf 93' lang='lat' dir='ltr'>runt</span> <span class='ocrx_word' id='word_1_371' title='bbox 2296 3256 2418 3315; x_wconf 82' lang='lat' dir='ltr'>ihm</span> <span class='ocrx_word' id='word_1_372' title='bbox 2447 3258 2627 3317; x_wconf 89' lang='lat' dir='ltr'>ambu</span> 
     </span>
     <span class='ocr_line' id='line_1_111' title="bbox 2132 3350 2557 3429; baseline 0.005 -21"><span class='ocrx_word' id='word_1_373' title='bbox 2132 3350 2353 3410; x_wconf 88' lang='lat' dir='ltr'>lantem</span> <span class='ocrx_word' id='word_1_374' title='bbox 2381 3369 2557 3429; x_wconf 88' lang='lat' dir='ltr'>super</span> 
     </span>
     <span class='ocr_line' id='line_1_112' title="bbox 2135 3442 2656 3522; baseline 0.008 -20"><span class='ocrx_word' id='word_1_375' title='bbox 2135 3462 2298 3503; x_wconf 90' lang='lat' dir='ltr'>mare</span> <span class='ocrx_word' id='word_1_376' title='bbox 2359 3442 2439 3504; x_wconf 92' lang='lat' dir='ltr'>Et</span> <span class='ocrx_word' id='word_1_377' title='bbox 2466 3462 2656 3522; x_wconf 89' lang='lat' dir='ltr'>prope</span> 
     </span>
     <span class='ocr_line' id='line_1_113' title="bbox 2134 3539 2699 3598; baseline 0.005 -3"><span class='ocrx_word' id='word_1_378' title='bbox 2134 3555 2349 3597; x_wconf 89' lang='lat' dir='ltr'>nauem</span> <span class='ocrx_word' id='word_1_379' title='bbox 2374 3539 2699 3598; x_wconf 62' lang='lat' dir='ltr'>ueniente·-</span> 
     </span>
     <span class='ocr_line' id='line_1_114' title="bbox 2134 3632 2574 3691; baseline 0 0"><span class='ocrx_word' id='word_1_380' title='bbox 2134 3640 2195 3691; x_wconf 88' lang='lat' dir='ltr'>et</span> <span class='ocrx_word' id='word_1_381' title='bbox 2221 3632 2537 3691; x_wconf 88' lang='lat' dir='ltr'>timuerunt</span> <span class='ocrx_word' id='word_1_382' title='bbox 2557 3664 2574 3679; x_wconf 90' lang='lat'><strong>·</strong></span> 
     </span>
    </p>

    <p class='ocr_par' dir='ltr' id='par_1_22' title="bbox 2129 3722 2715 4554">
     <span class='ocr_line' id='line_1_115' title="bbox 2132 3722 2700 3785; baseline 0.002 -1"><span class='ocrx_word' id='word_1_383' title='bbox 2132 3722 2179 3757; x_wconf 73' lang='lat'>²⁰</span> <span class='ocrx_word' id='word_1_384' title='bbox 2196 3725 2302 3785; x_wconf 91' lang='lat' dir='ltr'>Ille</span> <span class='ocrx_word' id='word_1_385' title='bbox 2328 3735 2526 3785; x_wconf 87' lang='lat' dir='ltr'>autem</span> <span class='ocrx_word' id='word_1_386' title='bbox 2555 3725 2700 3785; x_wconf 84' lang='lat' dir='ltr'>dixit</span> 
     </span>
     <span class='ocr_line' id='line_1_116' title="bbox 2132 3819 2715 3896; baseline 0.005 -19"><span class='ocrx_word' id='word_1_387' title='bbox 2132 3819 2245 3878; x_wconf 89' lang='lat' dir='ltr'>illis</span> <span class='ocrx_word' id='word_1_388' title='bbox 2325 3836 2441 3896; x_wconf 89' lang='lat' dir='ltr'>ego</span> <span class='ocrx_word' id='word_1_389' title='bbox 2471 3837 2604 3878; x_wconf 89' lang='lat' dir='ltr'>sum</span> <span class='ocrx_word' id='word_1_390' title='bbox 2632 3837 2715 3880; x_wconf 90' lang='lat' dir='ltr'>no</span> 
     </span>
     <span class='ocr_line' id='line_1_117' title="bbox 2132 3911 2696 3973; baseline 0.004 -3"><span class='ocrx_word' id='word_1_391' title='bbox 2132 3911 2228 3971; x_wconf 89' lang='lat' dir='ltr'>lite</span> <span class='ocrx_word' id='word_1_392' title='bbox 2257 3913 2459 3972; x_wconf 88' lang='lat' dir='ltr'>timere</span> <span class='ocrx_word' id='word_1_393' title='bbox 2478 3944 2494 3960; x_wconf 90' lang='lat'><strong>·</strong></span> <span class='ocrx_word' id='word_1_394' title='bbox 2555 3911 2600 3946; x_wconf 79' lang='lat'>²¹</span> <span class='ocrx_word' id='word_1_395' title='bbox 2616 3931 2696 3973; x_wconf 93' lang='lat' dir='ltr'>uo</span> 
     </span>
     <span class='ocr_line' id='line_1_118' title="bbox 2131 4005 2660 4083; baseline 0.002 -18"><span class='ocrx_word' id='word_1_396' title='bbox 2131 4005 2332 4065; x_wconf 89' lang='lat' dir='ltr'>lebant</span> <span class='ocrx_word' id='word_1_397' title='bbox 2360 4024 2503 4083; x_wconf 87' lang='lat' dir='ltr'>ergo</span> <span class='ocrx_word' id='word_1_398' title='bbox 2532 4008 2660 4066; x_wconf 90' lang='lat' dir='ltr'>acci</span> 
     </span>
     <span class='ocr_line' id='line_1_119' title="bbox 2129 4100 2658 4177; baseline 0.002 -19"><span class='ocrx_word' id='word_1_399' title='bbox 2129 4118 2272 4177; x_wconf 87' lang='lat' dir='ltr'>pere</span> <span class='ocrx_word' id='word_1_400' title='bbox 2301 4100 2463 4159; x_wconf 89' lang='lat' dir='ltr'>illum</span> <span class='ocrx_word' id='word_1_401' title='bbox 2490 4101 2552 4158; x_wconf 92' lang='lat' dir='ltr'>in</span> <span class='ocrx_word' id='word_1_402' title='bbox 2579 4118 2658 4160; x_wconf 88' lang='lat' dir='ltr'>na</span> 
     </span>
     <span class='ocr_line' id='line_1_120' title="bbox 2129 4194 2620 4255; baseline 0.002 -3"><span class='ocrx_word' id='word_1_403' title='bbox 2129 4211 2268 4252; x_wconf 89' lang='lat' dir='ltr'>uem</span> <span class='ocrx_word' id='word_1_404' title='bbox 2296 4223 2314 4243; x_wconf 87' lang='lat'><strong>·</strong></span> <span class='ocrx_word' id='word_1_405' title='bbox 2374 4204 2434 4253; x_wconf 91' lang='lat' dir='ltr'>et</span> <span class='ocrx_word' id='word_1_406' title='bbox 2459 4194 2620 4255; x_wconf 90' lang='lat' dir='ltr'>conti</span> 
     </span>
     <span class='ocr_line' id='line_1_121' title="bbox 2131 4287 2662 4350; baseline 0.009 -5"><span class='ocrx_word' id='word_1_407' title='bbox 2131 4305 2256 4347; x_wconf 92' lang='lat' dir='ltr'>nuo</span> <span class='ocrx_word' id='word_1_408' title='bbox 2284 4287 2441 4348; x_wconf 85' lang='lat' dir='ltr'>sacta</span> <span class='ocrx_word' id='word_1_409' title='bbox 2469 4297 2557 4348; x_wconf 90' lang='lat' dir='ltr'>est</span> <span class='ocrx_word' id='word_1_410' title='bbox 2585 4307 2662 4350; x_wconf 89' lang='lat' dir='ltr'>na</span> 
     </span>
     <span class='ocr_line' id='line_1_122' title="bbox 2129 4380 2658 4442; baseline 0.006 -3"><span class='ocrx_word' id='word_1_411' title='bbox 2129 4380 2223 4442; x_wconf 90' lang='lat' dir='ltr'>uis</span> <span class='ocrx_word' id='word_1_412' title='bbox 2250 4382 2330 4441; x_wconf 91' lang='lat' dir='ltr'>ad</span> <span class='ocrx_word' id='word_1_413' title='bbox 2354 4391 2568 4441; x_wconf 88' lang='lat' dir='ltr'>terram</span> <span class='ocrx_word' id='word_1_414' title='bbox 2596 4383 2658 4442; x_wconf 89' lang='lat' dir='ltr'>in</span> 
     </span>
     <span class='ocr_line' id='line_1_123' title="bbox 2130 4476 2648 4554; baseline 0.01 -20"><span class='ocrx_word' id='word_1_415' title='bbox 2130 4493 2252 4554; x_wconf 88' lang='lat' dir='ltr'>qua</span> <span class='ocrx_word' id='word_1_416' title='bbox 2278 4476 2441 4536; x_wconf 91' lang='lat' dir='ltr'>ibant</span> <span class='ocrx_word' id='word_1_417' title='bbox 2459 4507 2545 4522; x_wconf 89' lang='lat'>—-</span> <span class='ocrx_word' id='word_1_418' title='bbox 2564 4502 2648 4531; x_wconf 50' lang='lat' dir='ltr'>e*</span> 
     </span>
    </p>
   </div>
   <div class='ocr_carea' id='block_1_12' title="bbox 3506 387 3592 453">
    <p class='ocr_par' dir='ltr' id='par_1_23' title="bbox 3506 387 3592 453">
     <span class='ocr_line' id='line_1_124' title="bbox 3506 387 3592 453; baseline 0.058 -5"><span class='ocrx_word' id='word_1_419' title='bbox 3506 387 3592 453; x_wconf 87' lang='lat'>49</span> 
     </span>
    </p>
   </div>
   <div class='ocr_carea' id='block_1_13' title="bbox 2889 542 3522 749">
    <p class='ocr_par' dir='ltr' id='par_1_24' title="bbox 2889 542 3522 749">
     <span class='ocr_line' id='line_1_125' title="bbox 2889 542 3522 608; baseline 0.005 -16"><span class='ocrx_word' id='word_1_420' title='bbox 2889 544 3006 608; x_wconf 75' lang='lat' dir='ltr'>post</span> <span class='ocrx_word' id='word_1_421' title='bbox 3021 542 3304 593; x_wconf 72' lang='lat' dir='ltr'>ascensione</span> <span class='ocrx_word' id='word_1_422' title='bbox 3334 542 3424 593; x_wconf 78' lang='lat' dir='ltr'>dfii</span> <span class='ocrx_word' id='word_1_423' title='bbox 3442 544 3522 595; x_wconf 85' lang='lat' dir='ltr'>lec</span> 
     </span>
     <span class='ocr_line' id='line_1_126' title="bbox 2889 620 3496 685; baseline 0.005 -16"><span class='ocrx_word' id='word_1_424' title='bbox 2889 620 2965 669; x_wconf 91' lang='lat' dir='ltr'>tio</span> <span class='ocrx_word' id='word_1_425' title='bbox 2986 620 3232 685; x_wconf 74' lang='lat' dir='ltr'>euangelii</span> <span class='ocrx_word' id='word_1_426' title='bbox 3284 621 3496 672; x_wconf 76' lang='lat' dir='ltr'>iohanen</span> 
     </span>
     <span class='ocr_line' id='line_1_127' title="bbox 2890 696 3392 749; baseline 0.01 -5"><span class='ocrx_word' id='word_1_427' title='bbox 2890 696 2974 747; x_wconf 87' lang='lat' dir='ltr'>die</span> <span class='ocrx_word' id='word_1_428' title='bbox 2996 697 3392 749; x_wconf 84' lang='lat' dir='ltr'>domenecorum.</span> 
     </span>
    </p>
   </div>
   <div class='ocr_carea' id='block_1_14' title="bbox 2846 772 3431 1216">
    <p class='ocr_par' dir='ltr' id='par_1_25' title="bbox 2846 772 3431 1216">
     <span class='ocr_line' id='line_1_128' title="bbox 2849 772 3431 838; baseline 0.005 -3"><span class='ocrx_word' id='word_1_429' title='bbox 2849 772 2932 814; x_wconf 76' lang='lat'>*⁸²</span> <span class='ocrx_word' id='word_1_430' title='bbox 2950 776 3190 837; x_wconf 90' lang='lat' dir='ltr'>Postera</span> <span class='ocrx_word' id='word_1_431' title='bbox 3216 778 3312 838; x_wconf 91' lang='lat' dir='ltr'>die</span> <span class='ocrx_word' id='word_1_432' title='bbox 3340 789 3431 837; x_wconf 91' lang='lat' dir='ltr'>tur</span> 
     </span>
     <span class='ocr_line' id='line_1_129' title="bbox 2850 870 3376 948; baseline 0.006 -19"><span class='ocrx_word' id='word_1_433' title='bbox 2850 870 3002 930; x_wconf 84' lang='lat' dir='ltr'>*bae</span> <span class='ocrx_word' id='word_1_434' title='bbox 3029 890 3183 948; x_wconf 88' lang='lat' dir='ltr'>quae</span> <span class='ocrx_word' id='word_1_435' title='bbox 3212 882 3376 933; x_wconf 87' lang='lat' dir='ltr'>erant</span> 
     </span>
     <span class='ocr_line' id='line_1_130' title="bbox 2847 964 3397 1029; baseline 0.011 -6"><span class='ocrx_word' id='word_1_436' title='bbox 2847 964 3042 1024; x_wconf 86' lang='lat' dir='ltr'>*trans</span> <span class='ocrx_word' id='word_1_437' title='bbox 3070 984 3231 1026; x_wconf 88' lang='lat' dir='ltr'>mare</span> <span class='ocrx_word' id='word_1_438' title='bbox 3258 968 3397 1029; x_wconf 85' lang='lat' dir='ltr'>uide</span> 
     </span>
     <span class='ocr_line' id='line_1_131' title="bbox 2847 1059 3430 1136; baseline 0.009 -19"><span class='ocrx_word' id='word_1_439' title='bbox 2847 1059 3018 1119; x_wconf 88' lang='lat' dir='ltr'>*runt</span> <span class='ocrx_word' id='word_1_440' title='bbox 3045 1061 3183 1136; x_wconf 89' lang='lat' dir='ltr'>quia</span> <span class='ocrx_word' id='word_1_441' title='bbox 3209 1060 3323 1121; x_wconf 90' lang='lat' dir='ltr'>alia</span> <span class='ocrx_word' id='word_1_442' title='bbox 3351 1080 3430 1123; x_wconf 88' lang='lat' dir='ltr'>na</span> 
     </span>
     <span class='ocr_line' id='line_1_132' title="bbox 2846 1152 3408 1216; baseline 0.009 -6"><span class='ocrx_word' id='word_1_443' title='bbox 2846 1152 2976 1212; x_wconf 84' lang='lat' dir='ltr'>*uis</span> <span class='ocrx_word' id='word_1_444' title='bbox 3005 1153 3120 1213; x_wconf 90' lang='lat' dir='ltr'>illic</span> <span class='ocrx_word' id='word_1_445' title='bbox 3149 1173 3274 1215; x_wconf 87' lang='lat' dir='ltr'>non</span> <span class='ocrx_word' id='word_1_446' title='bbox 3302 1152 3408 1216; x_wconf 92' lang='lat' dir='ltr'>fuit</span> 
     </span>
    </p>
   </div>
   <div class='ocr_carea' id='block_1_15' title="bbox 2884 1248 3586 2629">
    <p class='ocr_par' dir='ltr' id='par_1_26' title="bbox 2884 1248 3586 2629">
     <span class='ocr_line' id='line_1_133' title="bbox 2887 1248 3481 1329; baseline 0.008 -22"><span class='ocrx_word' id='word_1_447' title='bbox 2887 1248 3000 1307; x_wconf 90' lang='lat' dir='ltr'>nisi</span> <span class='ocrx_word' id='word_1_448' title='bbox 3028 1266 3150 1308; x_wconf 90' lang='lat' dir='ltr'>una</span> <span class='ocrx_word' id='word_1_449' title='bbox 3172 1280 3186 1296; x_wconf 93' lang='lat'><strong>·</strong></span> <span class='ocrx_word' id='word_1_450' title='bbox 3251 1260 3311 1310; x_wconf 88' lang='lat' dir='ltr'>et</span> <span class='ocrx_word' id='word_1_451' title='bbox 3337 1256 3481 1329; x_wconf 78' lang='lat' dir='ltr'>qilm</span> 
     </span>
     <span class='ocr_line' id='line_1_134' title="bbox 2887 1342 3489 1406; baseline 0.012 -7"><span class='ocrx_word' id='word_1_452' title='bbox 2887 1358 3010 1401; x_wconf 89' lang='lat' dir='ltr'>non</span> <span class='ocrx_word' id='word_1_453' title='bbox 3038 1342 3208 1403; x_wconf 91' lang='lat' dir='ltr'>simul</span> <span class='ocrx_word' id='word_1_454' title='bbox 3235 1362 3371 1404; x_wconf 91' lang='lat' dir='ltr'>cum</span> <span class='ocrx_word' id='word_1_455' title='bbox 3399 1345 3489 1406; x_wconf 87' lang='lat' dir='ltr'>dis</span> 
     </span>
     <span class='ocr_line' id='line_1_135' title="bbox 2886 1435 3418 1513; baseline 0.011 -20"><span class='ocrx_word' id='word_1_456' title='bbox 2886 1435 3092 1513; x_wconf 89' lang='lat' dir='ltr'>cipulis</span> <span class='ocrx_word' id='word_1_457' title='bbox 3120 1438 3238 1497; x_wconf 87' lang='lat' dir='ltr'>suis</span> <span class='ocrx_word' id='word_1_458' title='bbox 3267 1439 3418 1499; x_wconf 87' lang='lat' dir='ltr'>intro</span> 
     </span>
     <span class='ocr_line' id='line_1_136' title="bbox 2887 1531 3586 1595; baseline 0.013 -7"><span class='ocrx_word' id='word_1_459' title='bbox 2887 1531 2991 1590; x_wconf 90' lang='lat' dir='ltr'>iuit</span> <span class='ocrx_word' id='word_1_460' title='bbox 3024 1531 3114 1592; x_wconf 81' lang='lat' dir='ltr'>ihs</span> <span class='ocrx_word' id='word_1_461' title='bbox 3142 1532 3202 1590; x_wconf 90' lang='lat' dir='ltr'>in</span> <span class='ocrx_word' id='word_1_462' title='bbox 3231 1534 3550 1595; x_wconf 67' lang='lat' dir='ltr'>nauicula*</span> <span class='ocrx_word' id='word_1_463' title='bbox 3569 1566 3586 1584; x_wconf 94' lang='lat'><strong>·</strong></span> 
     </span>
     <span class='ocr_line' id='line_1_137' title="bbox 2887 1624 3439 1689; baseline 0.011 -5"><span class='ocrx_word' id='word_1_464' title='bbox 2887 1624 3006 1685; x_wconf 89' lang='lat' dir='ltr'>Sed</span> <span class='ocrx_word' id='word_1_465' title='bbox 3034 1626 3439 1689; x_wconf 88' lang='lat' dir='ltr'>tantummodo</span> 
     </span>
     <span class='ocr_line' id='line_1_138' title="bbox 2887 1718 3466 1797; baseline 0.01 -20"><span class='ocrx_word' id='word_1_466' title='bbox 2887 1718 3155 1797; x_wconf 87' lang='lat' dir='ltr'>discipuli</span> <span class='ocrx_word' id='word_1_467' title='bbox 3182 1722 3305 1781; x_wconf 89' lang='lat' dir='ltr'>eius</span> <span class='ocrx_word' id='word_1_468' title='bbox 3335 1721 3466 1783; x_wconf 90' lang='lat' dir='ltr'>abie</span> 
     </span>
     <span class='ocr_line' id='line_1_139' title="bbox 2887 1811 3465 1876; baseline 0.01 -6"><span class='ocrx_word' id='word_1_469' title='bbox 2887 1822 3020 1872; x_wconf 88' lang='lat' dir='ltr'>runt</span> <span class='ocrx_word' id='word_1_470' title='bbox 3043 1844 3057 1860; x_wconf 93' lang='lat'><strong>·</strong></span> <span class='ocrx_word' id='word_1_471' title='bbox 3101 1811 3145 1846; x_wconf 79' lang='lat'>¹³</span> <span class='ocrx_word' id='word_1_472' title='bbox 3163 1814 3292 1874; x_wconf 86' lang='lat' dir='ltr'>Alie</span> <span class='ocrx_word' id='word_1_473' title='bbox 3319 1834 3465 1876; x_wconf 88' lang='lat' dir='ltr'>uero</span> 
     </span>
     <span class='ocr_line' id='line_1_140' title="bbox 2887 1920 3351 1983; baseline 0.002 -16"><span class='ocrx_word' id='word_1_474' title='bbox 2887 1920 3351 1983; x_wconf 87' lang='lat' dir='ltr'>superuenerunt</span> 
     </span>
     <span class='ocr_line' id='line_1_141' title="bbox 2887 2002 3439 2064; baseline 0.011 -6"><span class='ocrx_word' id='word_1_475' title='bbox 2887 2002 3190 2061; x_wconf 88' lang='lat' dir='ltr'>nauiculae</span> <span class='ocrx_word' id='word_1_476' title='bbox 3218 2003 3292 2063; x_wconf 90' lang='lat' dir='ltr'>de</span> <span class='ocrx_word' id='word_1_477' title='bbox 3320 2002 3439 2064; x_wconf 90' lang='lat' dir='ltr'>tibe</span> 
     </span>
     <span class='ocr_line' id='line_1_142' title="bbox 2886 2093 3461 2157; baseline 0.012 -6"><span class='ocrx_word' id='word_1_478' title='bbox 2886 2093 3048 2153; x_wconf 88' lang='lat' dir='ltr'>riade</span> <span class='ocrx_word' id='word_1_479' title='bbox 3077 2096 3236 2155; x_wconf 89' lang='lat' dir='ltr'>iuxta</span> <span class='ocrx_word' id='word_1_480' title='bbox 3262 2096 3461 2157; x_wconf 89' lang='lat' dir='ltr'>locum</span> 
     </span>
     <span class='ocr_line' id='line_1_143' title="bbox 2886 2188 3421 2251; baseline 0.007 -4"><span class='ocrx_word' id='word_1_481' title='bbox 2886 2188 3047 2248; x_wconf 90' lang='lat' dir='ltr'>illum</span> <span class='ocrx_word' id='word_1_482' title='bbox 3074 2188 3173 2249; x_wconf 90' lang='lat' dir='ltr'>ubi</span> <span class='ocrx_word' id='word_1_483' title='bbox 3200 2191 3421 2251; x_wconf 89' lang='lat' dir='ltr'>mandu</span> 
     </span>
     <span class='ocr_line' id='line_1_144' title="bbox 2884 2294 3404 2361; baseline 0.01 -20"><span class='ocrx_word' id='word_1_484' title='bbox 2884 2294 3160 2343; x_wconf 89' lang='lat' dir='ltr'>cauerant</span> <span class='ocrx_word' id='word_1_485' title='bbox 3185 2303 3404 2361; x_wconf 89' lang='lat' dir='ltr'>panem</span> 
     </span>
     <span class='ocr_line' id='line_1_145' title="bbox 2886 2378 3469 2453; baseline 0.012 -19"><span class='ocrx_word' id='word_1_486' title='bbox 2886 2394 3064 2453; x_wconf 89' lang='lat' dir='ltr'>quem</span> <span class='ocrx_word' id='word_1_487' title='bbox 3093 2378 3469 2441; x_wconf 82' lang='lat' dir='ltr'>benedixerat</span> 
     </span>
     <span class='ocr_line' id='line_1_146' title="bbox 2887 2468 3507 2553; baseline 0.01 -23"><span class='ocrx_word' id='word_1_488' title='bbox 2887 2470 2998 2530; x_wconf 73' lang='lat' dir='ltr'>dns</span> <span class='ocrx_word' id='word_1_489' title='bbox 3022 2502 3036 2517; x_wconf 93' lang='lat'><strong>·</strong></span> <span class='ocrx_word' id='word_1_490' title='bbox 3061 2502 3077 2517; x_wconf 93' lang='lat'><strong>·</strong></span> <span class='ocrx_word' id='word_1_491' title='bbox 3121 2468 3164 2504; x_wconf 82' lang='lat'>²⁴</span> <span class='ocrx_word' id='word_1_492' title='bbox 3182 2471 3334 2532; x_wconf 88' lang='lat' dir='ltr'>Cum</span> <span class='ocrx_word' id='word_1_493' title='bbox 3363 2492 3507 2553; x_wconf 89' lang='lat' dir='ltr'>ergo</span> 
     </span>
     <span class='ocr_line' id='line_1_147' title="bbox 2884 2565 3400 2629; baseline 0.012 -6"><span class='ocrx_word' id='word_1_494' title='bbox 2884 2565 3168 2625; x_wconf 89' lang='lat' dir='ltr'>uidissent</span> <span class='ocrx_word' id='word_1_495' title='bbox 3195 2570 3400 2629; x_wconf 89' lang='lat' dir='ltr'>turbae</span> 
     </span>
    </p>
   </div>
   <div class='ocr_carea' id='block_1_16' title="bbox 2885 2698 3625 4469">
    <p class='ocr_par' dir='ltr' id='par_1_27' title="bbox 2887 2698 3560 2967">
     <span class='ocr_line' id='line_1_148' title="bbox 2888 2698 3549 2774; baseline 0.011 -19"><span class='ocrx_word' id='word_1_496' title='bbox 2888 2702 3032 2774; x_wconf 76' lang='lat' dir='ltr'>qfim</span> <span class='ocrx_word' id='word_1_497' title='bbox 3059 2698 3150 2759; x_wconf 85' lang='lat' dir='ltr'>ihs</span> <span class='ocrx_word' id='word_1_498' title='bbox 3171 2717 3295 2759; x_wconf 91' lang='lat' dir='ltr'>non</span> <span class='ocrx_word' id='word_1_499' title='bbox 3323 2711 3438 2761; x_wconf 74' lang='lat' dir='ltr'>er⁸t</span> <span class='ocrx_word' id='word_1_500' title='bbox 3467 2702 3549 2762; x_wconf 91' lang='lat' dir='ltr'>ibi</span> 
     </span>
     <span class='ocr_line' id='line_1_149' title="bbox 2887 2793 3560 2872; baseline 0.015 -23"><span class='ocrx_word' id='word_1_501' title='bbox 2887 2808 3080 2869; x_wconf 89' lang='lat' dir='ltr'>neque</span> <span class='ocrx_word' id='word_1_502' title='bbox 3110 2793 3374 2872; x_wconf 89' lang='lat' dir='ltr'>discipuli</span> <span class='ocrx_word' id='word_1_503' title='bbox 3401 2798 3526 2858; x_wconf 87' lang='lat' dir='ltr'>eius</span> <span class='ocrx_word' id='word_1_504' title='bbox 3544 2827 3560 2844; x_wconf 92' lang='lat'><strong>·</strong></span> 
     </span>
     <span class='ocr_line' id='line_1_150' title="bbox 2889 2885 3440 2967; baseline 0.011 -24"><span class='ocrx_word' id='word_1_505' title='bbox 2889 2885 3133 2962; x_wconf 91' lang='lat' dir='ltr'>ingressi</span> <span class='ocrx_word' id='word_1_506' title='bbox 3163 2899 3298 2948; x_wconf 88' lang='lat' dir='ltr'>sunt</span> <span class='ocrx_word' id='word_1_507' title='bbox 3326 2891 3440 2967; x_wconf 92' lang='lat' dir='ltr'>ipsi</span> 
     </span>
    </p>

    <p class='ocr_par' dir='ltr' id='par_1_28' title="bbox 2887 2977 3498 3243">
     <span class='ocr_line' id='line_1_151' title="bbox 2889 2977 3454 3044; baseline 0.014 -8"><span class='ocrx_word' id='word_1_508' title='bbox 2889 2977 2951 3036; x_wconf 89' lang='lat' dir='ltr'>in</span> <span class='ocrx_word' id='word_1_509' title='bbox 2979 2998 3162 3041; x_wconf 86' lang='lat' dir='ltr'>naues</span> <span class='ocrx_word' id='word_1_510' title='bbox 3215 2993 3276 3042; x_wconf 88' lang='lat' dir='ltr'>et</span> <span class='ocrx_word' id='word_1_511' title='bbox 3301 3002 3454 3044; x_wconf 88' lang='lat' dir='ltr'>uene</span> 
     </span>
     <span class='ocr_line' id='line_1_152' title="bbox 2887 3074 3498 3154; baseline 0.015 -25"><span class='ocrx_word' id='word_1_512' title='bbox 2887 3082 3022 3132; x_wconf 90' lang='lat' dir='ltr'>runt</span> <span class='ocrx_word' id='word_1_513' title='bbox 3051 3074 3111 3132; x_wconf 92' lang='lat' dir='ltr'>in</span> <span class='ocrx_word' id='word_1_514' title='bbox 3139 3093 3498 3154; x_wconf 90' lang='lat' dir='ltr'>capernaum</span> 
     </span>
     <span class='ocr_line' id='line_1_153' title="bbox 2889 3171 3420 3243; baseline 0.017 -20"><span class='ocrx_word' id='word_1_515' title='bbox 2889 3179 3234 3243; x_wconf 90' lang='lat' dir='ltr'>quaerentes</span> <span class='ocrx_word' id='word_1_516' title='bbox 3261 3171 3385 3231; x_wconf 82' lang='lat' dir='ltr'>ihm</span> <span class='ocrx_word' id='word_1_517' title='bbox 3404 3204 3420 3219; x_wconf 93' lang='lat'><strong>·</strong></span> 
     </span>
    </p>

    <p class='ocr_par' dir='ltr' id='par_1_29' title="bbox 2885 3258 3594 4001">
     <span class='ocr_line' id='line_1_154' title="bbox 2887 3258 3573 3329; baseline 0.015 -11"><span class='ocrx_word' id='word_1_518' title='bbox 2887 3258 3022 3320; x_wconf 69' lang='lat' dir='ltr'>”Et</span> <span class='ocrx_word' id='word_1_519' title='bbox 3051 3281 3186 3322; x_wconf 90' lang='lat' dir='ltr'>cum</span> <span class='ocrx_word' id='word_1_520' title='bbox 3213 3265 3573 3329; x_wconf 89' lang='lat' dir='ltr'>inuenissent</span> 
     </span>
     <span class='ocr_line' id='line_1_155' title="bbox 2889 3367 3438 3420; baseline 0.013 -6"><span class='ocrx_word' id='word_1_521' title='bbox 2889 3373 3026 3416; x_wconf 89' lang='lat' dir='ltr'>eum</span> <span class='ocrx_word' id='word_1_522' title='bbox 3055 3367 3210 3416; x_wconf 83' lang='lat' dir='ltr'>trans</span> <span class='ocrx_word' id='word_1_523' title='bbox 3239 3377 3399 3420; x_wconf 89' lang='lat' dir='ltr'>mare</span> <span class='ocrx_word' id='word_1_524' title='bbox 3423 3393 3438 3408; x_wconf 93' lang='lat'><strong>·</strong></span> 
     </span>
     <span class='ocr_line' id='line_1_156' title="bbox 2890 3450 3477 3514; baseline 0.01 -6"><span class='ocrx_word' id='word_1_525' title='bbox 2890 3450 3160 3510; x_wconf 86' lang='lat' dir='ltr'>dixerunt</span> <span class='ocrx_word' id='word_1_526' title='bbox 3187 3453 3242 3511; x_wconf 90' lang='lat' dir='ltr'>ei</span> <span class='ocrx_word' id='word_1_527' title='bbox 3309 3457 3477 3514; x_wconf 88' lang='lat' dir='ltr'>rabbi</span> 
     </span>
     <span class='ocr_line' id='line_1_157' title="bbox 2887 3544 3505 3619; baseline 0.011 -18"><span class='ocrx_word' id='word_1_528' title='bbox 2887 3544 3124 3619; x_wconf 84' lang='lat' dir='ltr'>quando</span> <span class='ocrx_word' id='word_1_529' title='bbox 3153 3545 3267 3606; x_wconf 91' lang='lat' dir='ltr'>huc</span> <span class='ocrx_word' id='word_1_530' title='bbox 3293 3550 3505 3608; x_wconf 83' lang='lat' dir='ltr'>uenisti</span> 
     </span>
     <span class='ocr_line' id='line_1_158' title="bbox 2885 3634 3594 3716; baseline 0.011 -20"><span class='ocrx_word' id='word_1_531' title='bbox 2885 3634 3272 3716; x_wconf 72' lang='lat' dir='ltr'>”Respondit</span> <span class='ocrx_word' id='word_1_532' title='bbox 3293 3642 3403 3701; x_wconf 89' lang='lat' dir='ltr'>illis</span> <span class='ocrx_word' id='word_1_533' title='bbox 3423 3643 3514 3703; x_wconf 84' lang='lat' dir='ltr'>ihs</span> <span class='ocrx_word' id='word_1_534' title='bbox 3533 3655 3594 3704; x_wconf 87' lang='lat' dir='ltr'>et</span> 
     </span>
     <span class='ocr_line' id='line_1_159' title="bbox 2888 3732 3537 3797; baseline 0.012 -7"><span class='ocrx_word' id='word_1_535' title='bbox 2888 3732 3033 3792; x_wconf 89' lang='lat' dir='ltr'>dixit</span> <span class='ocrx_word' id='word_1_536' title='bbox 3061 3763 3076 3780; x_wconf 91' lang='lat'><strong>·</strong></span> <span class='ocrx_word' id='word_1_537' title='bbox 3137 3733 3333 3794; x_wconf 88' lang='lat' dir='ltr'>Amen</span> <span class='ocrx_word' id='word_1_538' title='bbox 3362 3754 3537 3797; x_wconf 88' lang='lat' dir='ltr'>amen</span> 
     </span>
     <span class='ocr_line' id='line_1_160' title="bbox 2887 3825 3524 3905; baseline 0.009 -20"><span class='ocrx_word' id='word_1_539' title='bbox 2887 3825 3022 3886; x_wconf 92' lang='lat' dir='ltr'>dico</span> <span class='ocrx_word' id='word_1_540' title='bbox 3050 3828 3221 3887; x_wconf 89' lang='lat' dir='ltr'>uobis</span> <span class='ocrx_word' id='word_1_541' title='bbox 3250 3832 3524 3905; x_wconf 89' lang='lat' dir='ltr'>quaeritis</span> 
     </span>
     <span class='ocr_line' id='line_1_161' title="bbox 2887 3923 3482 4001; baseline 0.008 -23"><span class='ocrx_word' id='word_1_542' title='bbox 2887 3938 2984 3980; x_wconf 91' lang='lat' dir='ltr'>me</span> <span class='ocrx_word' id='word_1_543' title='bbox 3012 3938 3138 3980; x_wconf 89' lang='lat' dir='ltr'>non</span> <span class='ocrx_word' id='word_1_544' title='bbox 3165 3923 3302 4001; x_wconf 88' lang='lat' dir='ltr'>quia</span> <span class='ocrx_word' id='word_1_545' title='bbox 3328 3925 3482 3984; x_wconf 87' lang='lat' dir='ltr'>uidis</span> 
     </span>
    </p>

    <p class='ocr_par' dir='ltr' id='par_1_30' title="bbox 2885 4014 3625 4469">
     <span class='ocr_line' id='line_1_162' title="bbox 2887 4014 3550 4094; baseline 0.009 -22"><span class='ocrx_word' id='word_1_546' title='bbox 2887 4014 2961 4073; x_wconf 89' lang='lat' dir='ltr'>tis</span> <span class='ocrx_word' id='word_1_547' title='bbox 2989 4015 3161 4091; x_wconf 85' lang='lat' dir='ltr'>signa</span> <span class='ocrx_word' id='word_1_548' title='bbox 3179 4046 3194 4062; x_wconf 92' lang='lat'><strong>·</strong></span> <span class='ocrx_word' id='word_1_549' title='bbox 3259 4016 3378 4077; x_wconf 90' lang='lat' dir='ltr'>Sed</span> <span class='ocrx_word' id='word_1_550' title='bbox 3405 4022 3550 4094; x_wconf 75' lang='lat' dir='ltr'>qt‘im</span> 
     </span>
     <span class='ocr_line' id='line_1_163' title="bbox 2886 4109 3496 4188; baseline 0.008 -22"><span class='ocrx_word' id='word_1_551' title='bbox 2886 4109 3283 4170; x_wconf 86' lang='lat' dir='ltr'>manducastis</span> <span class='ocrx_word' id='word_1_552' title='bbox 3312 4111 3387 4170; x_wconf 91' lang='lat' dir='ltr'>de</span> <span class='ocrx_word' id='word_1_553' title='bbox 3413 4130 3496 4188; x_wconf 88' lang='lat' dir='ltr'>pa</span> 
     </span>
     <span class='ocr_line' id='line_1_164' title="bbox 2886 4202 3508 4264; baseline 0.006 -4"><span class='ocrx_word' id='word_1_554' title='bbox 2886 4202 3058 4261; x_wconf 88' lang='lat' dir='ltr'>nibus</span> <span class='ocrx_word' id='word_1_555' title='bbox 3088 4213 3145 4262; x_wconf 90' lang='lat' dir='ltr'>et</span> <span class='ocrx_word' id='word_1_556' title='bbox 3175 4205 3411 4263; x_wconf 87' lang='lat' dir='ltr'>saturati</span> <span class='ocrx_word' id='word_1_557' title='bbox 3439 4223 3508 4264; x_wconf 86' lang='lat' dir='ltr'>es</span> 
     </span>
     <span class='ocr_line' id='line_1_165' title="bbox 2887 4293 3466 4374; baseline 0 -18"><span class='ocrx_word' id='word_1_558' title='bbox 2887 4297 2961 4356; x_wconf 92' lang='lat' dir='ltr'>tis</span> <span class='ocrx_word' id='word_1_559' title='bbox 2985 4327 2999 4343; x_wconf 93' lang='lat'><strong>·</strong></span> <span class='ocrx_word' id='word_1_560' title='bbox 3059 4293 3103 4330; x_wconf 74' lang='lat'>²⁷</span> <span class='ocrx_word' id='word_1_561' title='bbox 3120 4295 3466 4374; x_wconf 89' lang='lat' dir='ltr'>Operamini</span> 
     </span>
     <span class='ocr_line' id='line_1_166' title="bbox 2885 4393 3625 4469; baseline 0.007 -21"><span class='ocrx_word' id='word_1_562' title='bbox 2885 4408 3008 4450; x_wconf 89' lang='lat' dir='ltr'>non</span> <span class='ocrx_word' id='word_1_563' title='bbox 3025 4409 3162 4451; x_wconf 87' lang='lat' dir='ltr'>esca</span> <span class='ocrx_word' id='word_1_564' title='bbox 3183 4409 3334 4468; x_wconf 87' lang='lat' dir='ltr'>quae</span> <span class='ocrx_word' id='word_1_565' title='bbox 3354 4393 3503 4469; x_wconf 89' lang='lat' dir='ltr'>perit</span> <span class='ocrx_word' id='word_1_566' title='bbox 3524 4424 3625 4441; x_wconf 91' lang='lat'><strong>·-—-</strong></span> 
     </span>
    </p>
   </div>
   <div class='ocr_carea' id='block_1_17' title="bbox 3638 553 3910 607">
    <p class='ocr_par' dir='ltr' id='par_1_31' title="bbox 3638 553 3910 607">
     <span class='ocr_line' id='line_1_167' title="bbox 3638 553 3910 607; baseline 0 -2"><span class='ocrx_word' id='word_1_567' title='bbox 3638 556 3762 607; x_wconf 76' lang='lat' dir='ltr'>rol.</span> <span class='ocrx_word' id='word_1_568' title='bbox 3785 553 3910 606; x_wconf 74' lang='lat' dir='ltr'>me.</span> 
     </span>
    </p>
   </div>
   <div class='ocr_carea' id='block_1_18' title="bbox 2883 4484 3694 4565">
    <p class='ocr_par' dir='ltr' id='par_1_32' title="bbox 2883 4484 3694 4565">
     <span class='ocr_line' id='line_1_168' title="bbox 2883 4484 3694 4565; baseline 0.006 -21"><span class='ocrx_word' id='word_1_569' title='bbox 2883 4484 2990 4545; x_wconf 86' lang='lat' dir='ltr'>sed</span> <span class='ocrx_word' id='word_1_570' title='bbox 2999 4502 3136 4546; x_wconf 90' lang='lat' dir='ltr'>esca</span> <span class='ocrx_word' id='word_1_571' title='bbox 3155 4504 3268 4565; x_wconf 90' lang='lat' dir='ltr'>que</span> <span class='ocrx_word' id='word_1_572' title='bbox 3285 4498 3590 4565; x_wconf 78' lang='lat' dir='ltr'>permanet</span> <span class='ocrx_word' id='word_1_573' title='bbox 3685 4497 3694 4504; x_wconf 87' lang='lat'>&#39;</span> 
     </span>
    </p>
   </div>
   <div class='ocr_carea' id='block_1_19' title="bbox 3210 4599 3254 4642">
    <p class='ocr_par' dir='ltr' id='par_1_33' title="bbox 3210 4599 3254 4642">
     <span class='ocr_line' id='line_1_169' title="bbox 3210 4599 3254 4642; baseline 0 0"><span class='ocrx_word' id='word_1_574' title='bbox 3210 4599 3254 4642; x_wconf 76' lang='lat'>11</span> 
     </span>
    </p>
   </div>
  </div>
 </body>
</html>
