4373 5048
470 492 595 543 1¹01.
618 496 710 548 ⁷0.

751 317 840 405 36

756 489 913 569 prosi
936 520 951 537 ·
1016 486 1042 523 '¹
1058 486 1321 547 Accessit

756 584 833 644 ad
861 601 996 642 eum
1024 582 1231 641 mulier

757 678 1007 738 Habens
1032 674 1274 735 uasculfi

756 770 1038 847 unguenti
1065 768 1215 846 preti

754 864 844 925 osi
866 896 881 912 ·
925 873 983 925 et
1009 862 1215 923 infudit

754 976 930 1035 super
956 956 1151 1035 capud
1178 955 1301 1015 eius

753 1052 1130 1112 recumbente
1158 1050 1219 1127 ip

754 1164 824 1205 so
844 1176 860 1193 ·
924 1145 946 1178 ⁸
962 1144 1245 1204 Uidentes
1272 1160 1349 1203 au

752 1249 873 1299 tem
903 1236 1167 1314 discipuli
1192 1236 1316 1297 eius
1339 1267 1354 1282 ·

750 1332 1040 1407 indignati
1060 1340 1197 1391 sunt

757 1427 1019 1487 dicentes
1038 1456 1053 1473 ·
1094 1434 1159 1485 ut
1186 1422 1329 1503 quid

755 1520 1003 1600 perditio
1032 1520 1179 1579 haec
1204 1551 1217 1567 ·

755 1614 779 1648 ⁹
796 1615 991 1675 Potuit
1018 1613 1170 1673 istud
1196 1630 1280 1675 un

756 1718 1037 1787 guentum
1064 1723 1263 1765 uenun

756 1802 881 1862 dari
908 1800 1092 1878 pretio
1119 1809 1179 1859 et
1206 1798 1285 1857 da

755 1896 804 1952 ri
830 1894 1181 1971 pauperibus

756 1985 1201 2063 ¹⁰Cognoscens
1232 1987 1367 2043 aute

2051 314 2226 379 SEC
2235 304 2498 381 UNDU·
2507 348 2522 363 ·

1504 485 1550 520 ¹⁴
1568 484 1743 545 Tunc
1771 483 1908 546 abiit
1932 502 2085 545 unus

1506 578 1581 638 de
1610 578 1917 639 duodecim
1943 609 1958 625 ·

1506 673 1607 750 qui
1636 672 1838 731 dicitur
1865 671 2035 733 iudas

1506 768 1755 827 scariota
1778 796 1793 813 ·
1838 764 1915 824 ad

1506 860 1799 937 principes
1826 876 1991 918 sacer

1506 952 1709 1014 dotum
1749 950 1795 985 ¹⁸
1813 962 1871 1013 et
1898 952 1977 1012 ait
2003 950 2045 1012 il

1505 1046 1575 1105 lis
1597 1077 1612 1092 ·
1656 1045 1795 1123 quid
1822 1046 1923 1105 uul

1504 1141 1577 1199 tis
1603 1139 1745 1199 mihi
1772 1141 1911 1200 dare
1939 1150 1998 1201 et

1504 1252 1618 1311 ego
1644 1252 1781 1294 eum
1808 1234 1977 1294 uobis

1506 1328 1733 1388 tradam
1756 1358 1771 1375 ·
1793 1360 1807 1375 ·
1853 1336 1912 1387 at
1938 1327 2019 1387 illi

1507 1422 1926 1483 constituerunt

1508 1516 1563 1576 ei
1591 1516 1825 1593 triginta
1853 1524 1945 1575 sta

1507 1619 1660 1669 teres
1682 1640 1697 1655 ·
1760 1607 1805 1643 ¹⁰
1818 1606 2049 1668 Exinde

1509 1704 1791 1781 querebat
1819 1719 1969 1779 opor

1510 1798 1819 1857 tunitatem
1888 1806 1951 1856 ut

1511 1907 1648 1949 eum
1677 1889 1929 1949 traderet

1513 1984 1597 2042 eis
1614 2014 1630 2031 ·
1693 1982 1739 2017 ¹⁷
1756 1984 1942 2061 prima
1971 2001 2047 2043 au

757 2079 850 2141 ihs
866 2080 945 2139 ait
958 2078 1092 2138 illis·
1121 2077 1265 2155 quid
1322 2090 1497 2143 madi
1514 2088 1632 2137 tem
1660 2096 1999 2155 azymorum
2020 2108 2035 2124 ·

759 2172 989 2233 molesti
1016 2172 1151 2231 estis
1178 2188 1280 2229 mu

757 2265 883 2327 lieri
949 2282 1099 2344 opus
1123 2264 1281 2325 enim

761 2496 987 2556 bonum
1015 2501 1255 2571 operata

1513 2172 1901 2231 Accesserunt
1926 2171 2015 2231 dis

1516 2264 1691 2342 cipuli
1718 2263 1795 2324 ad
1822 2264 1944 2323 ihm

1518 2486 1778 2550 dicentes
1798 2486 1853 2548 ei
1877 2517 1892 2534 ·
1936 2484 2055 2548 Ubi

762 2588 939 2648 estin
966 2603 1063 2646 me
1087 2618 1102 2634 ·
1158 2584 1202 2623 ²²
1222 2585 1466 2662 Semper
1514 2583 1605 2639 uis
1632 2598 1905 2658 paremus
1934 2581 2035 2641 tibi

763 2682 921 2742 enirn
947 2697 1233 2758 pauperes

760 2773 1045 2835 habebitis
1072 2773 1241 2833 uobis

764 2887 901 2929 cum
924 2899 939 2915 ·
980 2885 1075 2927 me
1104 2875 1299 2926 autem

762 2980 887 3023 non
916 2979 1148 3038 semper
1174 2960 1252 3020 ha

760 3055 972 3116 bebitis
995 3081 1009 3095 ·
1077 3052 1122 3087 ¹²
1138 3054 1373 3113 mittens

761 3149 918 3208 enim
944 3147 1053 3207 hec
1078 3179 1093 3195 ·
1122 3165 1359 3224 unguen

760 3252 888 3302 tum
915 3241 1028 3300 hoc
1056 3241 1117 3299 in
1145 3257 1247 3300 cor

763 3353 876 3414 pus
904 3351 1103 3393 meum
1127 3365 1140 3379 ·
1212 3331 1289 3392 ad
1317 3351 1383 3393 se

761 3428 1098 3507 peliendum
1124 3444 1221 3486 me
1251 3425 1307 3487 fe

762 3523 844 3584 cit
865 3554 881 3570 ·
940 3522 984 3556 ¹³
1002 3522 1197 3582 Amen
1224 3526 1358 3582 aute

765 3617 900 3678 dico
930 3616 1101 3676 uobis
1123 3647 1138 3663 ·
1182 3615 1285 3675 ubi

761 3729 1013 3787 cumque
1042 3709 1209 3770 fuerit

760 3805 1125 3882 predicatum
1151 3820 1305 3863 euan

762 3898 977 3977 gelium
1010 3896 1122 3958 hoc
1151 3897 1213 3956 in
1240 3905 1303 3957 to

762 4002 825 4052 to
854 3992 1078 4052 mundo
1106 3992 1237 4052 dice

763 4096 857 4146 tur
879 4117 893 4134 ·
936 4094 995 4144 et
1021 4084 1183 4162 quod
1208 4083 1265 4143 fe

764 4183 846 4240 cit
872 4180 1018 4240 haec
1047 4180 1107 4237 in
1134 4195 1333 4239 memo

760 4275 907 4335 riam
935 4273 1112 4352 ipsius
1132 4303 1147 4319 ·

1514 2691 1754 2752 pascam
1782 2675 2006 2735 mandu

1514 2786 1646 2829 care
1670 2799 1685 2814 ·
1749 2766 1794 2801 ¹⁸
1810 2768 1892 2828 At
1910 2768 2004 2828 ille
2021 2767 2163 2829 dixit
2182 2799 2197 2814 ·

1514 2861 1605 2922 Ite
1633 2863 1695 2922 in
1722 2861 2015 2922 ciuitatem

1512 2956 1591 3016 ad
1618 2956 1913 3034 quendam
1990 2964 2051 3015 et

1512 3049 1686 3109 dicite
1753 3050 2029 3126 magister

1512 3143 1650 3203 dicit
1679 3174 1692 3190 ·
1737 3141 2003 3220 Tempus

1513 3253 1713 3296 meum
1742 3254 1929 3313 prope
1956 3245 2045 3296 est
2062 3267 2077 3282 ·

1515 3328 1678 3406 Aput
1704 3339 1762 3388 te
1790 3328 2003 3388 faciam
2029 3347 2137 3406 pas

1518 3441 1591 3484 ca
1620 3439 1756 3482 cum
1784 3421 2080 3499 discipulis

1518 3517 1663 3576 meis
1682 3546 1695 3561 ·
1760 3513 1803 3548 ¹⁹
1819 3525 1877 3574 et
1910 3515 2040 3575 fece

1515 3619 1651 3669 runt
1678 3609 1945 3687 discipuli

1515 3704 1663 3764 sicut
1690 3703 1986 3764 constituit

1513 3796 1622 3857 illis
1649 3797 1739 3856 ihs
1762 3828 1776 3845 ·
1818 3806 1877 3857 et
1904 3814 2049 3874 para

1516 3899 1725 3950 uerunt
1750 3890 1973 3966 pascha

1516 3980 1562 4016 ’⁰
1577 3982 1837 4061 Uespere
1866 3991 2063 4042 autem

1518 4076 1675 4136 sacto
1702 4075 1997 4135 discubuit

1516 4187 1655 4230 cum
1683 4168 1997 4230 duodecim

1516 4261 1817 4342 discipulis
1838 4293 1852 4310 ·

2307 486 2350 519 ²¹
2368 487 2444 546 Et
2471 486 2774 547 edentibus
2801 486 2908 547 illis

2309 580 2450 639 dixit
2471 612 2486 627 ·
2530 581 2724 640 Amen

2311 675 2443 735 dico
2471 675 2638 736 uobis
2666 673 2816 751 qu⁰d

2309 786 2462 828 unus
2488 788 2562 828 ex
2589 770 2761 829 uobis

2311 862 2620 921 traditurus
2647 872 2738 921 est

2311 973 2408 1014 me
2432 986 2446 1001 ·
2510 952 2555 991 ²³
2570 954 2649 1015 Et
2675 956 2896 1017 contris

2311 1048 2413 1107 tati
2440 1047 2612 1107 nimis
2700 1066 2808 1109 coe

2309 1152 2520 1219 perunt
2546 1142 2736 1205 dicere

2311 1235 2522 1313 singuli
2550 1255 2694 1296 num

2313 1332 2454 1407 quid
2481 1349 2595 1407 ego
2622 1350 2754 1391 sum
2782 1330 2899 1391 dfie

2314 1426 2358 1461 ²⁸
2376 1425 2455 1483 At
2483 1426 2608 1504 ipse
2635 1444 2854 1505 respon

2314 1519 2460 1579 dens
2489 1520 2568 1579 ait
2589 1553 2603 1567 ·
2649 1522 2749 1598 qui
2776 1522 2838 1579 in

2315 1615 2538 1692 tinguet
2565 1632 2800 1675 mecum

2317 1725 2560 1767 manum
2627 1710 2690 1768 in
2717 1726 2796 1787 pa

2319 1803 2547 1881 rapside
2574 1801 2669 1862 hic
2697 1821 2795 1862 me

2319 1895 2505 1955 tradet
2521 1926 2536 1943 ·
2593 1894 2638 1930 ²¹
2652 1895 2730 1955 Et
2758 1894 2838 1955 fili

2317 2007 2389 2048 us
2416 1990 2652 2066 quidem
2679 1989 2718 2048 h
2752 1988 2833 2049 ho

2321 2083 2496 2142 minis
2521 2083 2681 2143 uadit
2707 2084 2756 2143 si

2320 2185 2418 2237 cut
2444 2178 2723 2255 scriptum

2319 2280 2410 2329 est
2436 2269 2509 2329 de
2537 2289 2610 2331 eo
2633 2302 2646 2317 ·
2713 2268 2844 2330 Uae

2319 2374 2513 2424 autem
2539 2362 2762 2424 homini
2788 2364 2868 2425 illi

2320 2515 2423 2577 per
2450 2516 2626 2577 quem
2653 2498 2802 2560 filius

2322 2592 2574 2653 hominis
2601 2594 2762 2654 trade

2323 2697 2416 2747 tur
2435 2718 2448 2732 ·
2492 2688 2716 2748 bonum

2322 2790 2446 2840 erat
2471 2781 2552 2841 illi
2579 2783 2628 2840 si
2657 2799 2780 2842 non

2323 2873 2521 2934 fuisset
2549 2883 2722 2934 natus

2324 2967 2506 3028 homo
2534 2968 2627 3028 ille
2645 3000 2659 3014 ·

2323 3059 2369 3095 ⁸⁶
2389 3062 2778 3140 Respondens
2807 3081 2882 3124 au

2323 3165 2441 3214 tem
2470 3156 2637 3216 iudas
2666 3158 2765 3234 qui

2321 3248 2632 3310 traditurus
2658 3258 2784 3309 erat

2321 3360 2458 3401 eum
2485 3342 2627 3402 dixit
2645 3367 2658 3382 ·
2703 3360 2848 3402 num

2320 3437 2462 3514 quid
2491 3453 2605 3514 ego
2633 3455 2764 3496 sum

2323 3530 2487 3590 rabbi
2513 3554 2526 3568 ·
2571 3530 2671 3590 Ait
2698 3530 2778 3588 illi

2323 3622 2414 3681 ihs
2497 3633 2560 3682 tu
2587 3622 2828 3684 dixisisti
2845 3653 2860 3670 ·

2322 3713 2366 3750 '⁸
2383 3713 2536 3793 Ipsis
2565 3727 2760 3776 autem
2789 3734 2860 3778 ce

2320 3809 2594 3868 nantibus
2615 3839 2630 3856 ·
2672 3810 2766 3869 Ac

2323 3901 2478 3980 cepit
2505 3901 2594 3962 ihs
2621 3913 2826 3980 pane-

2323 4006 2383 4056 et
2408 3997 2764 4057 benedicens
2782 4028 2798 4044 ·

2325 4089 2490 4168 fregit
2516 4101 2574 4150 et
2601 4091 2761 4150 dedit

2326 4183 2624 4262 discipulis
2651 4185 2772 4244 suis
2795 4215 2810 4232 ·

2323 4286 2383 4337 et
2409 4279 2518 4338 ait·
2560 4278 2810 4354 Accipte

2319 4381 2378 4431 et
2405 4371 2752 4432 manducate

3371 328 3581 394 [XXVI.
3605 331 3774 397 6—34

3062 486 3202 548 Hoc
3229 497 3320 548 est
3345 506 3558 567 corpus

3063 601 3260 643 meum
3287 614 3302 630 ·
3364 580 3408 617 ²⁷
3423 594 3484 643 et
3509 584 3636 643 acci

3066 678 3232 755 piens
3261 678 3504 737 calicem
3525 709 3538 723 ·

3067 771 3279 847 gratias
3307 790 3488 848 agens
3515 771 3590 832 de

3069 865 3151 924 dit
3178 864 3286 924 illis
3313 865 3517 924 dicens
3539 896 3556 913 ·

3068 959 3244 1017 bibite
3275 976 3348 1017 ex
3379 958 3492 1018 hoc
3521 976 3623 1018 om

3069 1070 3178 1111 nes
3201 1088 3214 1101 -
3279 1050 3323 1085 ²⁸
3341 1050 3433 1111 hic
3463 1062 3551 1112 est
3577 1059 3678 1111 eni

3069 1145 3308 1222 sanguis
3335 1164 3502 1205 meus

3071 1241 3212 1301 noui
3239 1240 3567 1299 testamenti
3587 1264 3604 1281 ·

3069 1335 3170 1410 qui
3197 1351 3310 1412 pro
3337 1335 3531 1395 multis
3551 1333 3620 1395 ef

3069 1426 3342 1487 fundetur
3367 1428 3426 1487 in
3452 1446 3516 1487 re

3071 1522 3320 1581 misione
3345 1540 3529 1600 pecca

3071 1626 3264 1676 torum
3283 1642 3296 1657 ·
3358 1614 3402 1650 '⁹
3419 1616 3573 1676 Dico
3599 1634 3678 1676 au

3071 1719 3192 1769 tem
3218 1710 3389 1770 uobis
3411 1740 3424 1755 ·
3469 1728 3590 1769 nou

3073 1804 3274 1863 bibam
3300 1803 3517 1865 amodo

3073 1896 3148 1957 de
3175 1897 3286 1957 hac
3314 1908 3576 1957 creatura

3074 1992 3206 2050 uitis
3227 2022 3242 2037 ·
3301 2009 3486 2068 usque
3513 1992 3574 2049 iu

3075 2084 3232 2144 diem
3257 2084 3418 2143 illum
3441 2114 3456 2131 ·
3499 2082 3654 2143 Cum

3074 2178 3216 2238 illud
3243 2180 3442 2238 bibam
3468 2174 3636 2239 uobis

3077 2290 3212 2332 cum
3238 2272 3299 2329 in
3325 2290 3509 2349 regno
3537 2290 3613 2349 pa

3074 2366 3175 2424 tris
3201 2365 3316 2424 mei
3334 2396 3350 2411 ·
3391 2364 3436 2399 ⁸⁰
3452 2364 3530 2423 Et
3552 2382 3738 2443 ymno

3075 2498 3234 2560 dicto
3261 2498 3525 2559 exierunt

3073 2593 3136 2651 in
3165 2604 3368 2653 monte
3396 2591 3591 2652 oliueti
3613 2622 3630 2638 ·

3076 2685 3120 2719 ⁸¹
3138 2686 3312 2746 Tunc
3340 2687 3478 2746 dicit
3504 2685 3610 2744 illis
3637 2684 3730 2744 ihs

3075 2797 3286 2840 omnes
3313 2797 3422 2839 uos
3449 2797 3594 2838 scan

3076 2871 3274 2933 dalum
3299 2873 3598 2950 patiemini

3075 2967 3138 3025 in
3165 2985 3262 3026 me
3291 2967 3350 3025 in
3376 2966 3530 3026 hista
3556 2983 3673 3027 noc

3076 3070 3133 3121 te
3156 3092 3171 3108 ·
3216 3061 3490 3138 scriptum
3519 3071 3610 3121 est

3076 3154 3232 3214 enim
3261 3155 3578 3232 percutiam

3076 3259 3374 3327 pastorem
3399 3259 3457 3308 et
3483 3249 3573 3308 dis

3075 3351 3388 3420 pergentur
3415 3360 3562 3402 oues

3075 3437 3271 3515 gregis
3294 3467 3309 3483 ·
3334 3465 3349 3484 ·
3411 3437 3457 3472 ⁸¹
3475 3434 3592 3496 Sed

3077 3541 3388 3608 postquam
3416 3547 3581 3590 resur

3074 3643 3281 3684 texero
3317 3623 3618 3702 preceda‘

3076 3736 3186 3778 uos
3213 3718 3275 3776 in
3301 3717 3507 3794 galilea
3527 3747 3543 3764 ·
3572 3749 3656 3760 —-

3077 3812 3121 3845 ³⁸
3140 3811 3532 3890 Respondens
3556 3821 3742 3871 aute-

3076 3917 3274 3985 petrus
3301 3907 3380 3966 ait
3405 3907 3496 3965 ei·
3543 3905 3602 3966 Si

3076 4001 3286 4061 omnes
3313 4000 3644 4061 scandaliza

3076 4094 3293 4154 buntur
3321 4095 3382 4152 in
3408 4104 3465 4154 te
3559 4111 3675 4171 ego

3074 4206 3402 4264 numquam
3427 4188 3648 4248 scanda

3075 4282 3294 4344 lizabor
3314 4319 3328 4332 ·
3389 4281 3434 4314 ³⁴
3455 4283 3590 4342 dicit
3615 4281 3698 4340 illi

3075 4377 3165 4439 ihs
3189 4405 3202 4419 ·
3247 4393 3420 4437 amen
3447 4377 3582 4437 dico
3609 4376 3710 4438 tibi

3793 502 4062 555 rol-⁷1.
