4373 5048
1609 478 2066 542 EDJTORJS
2104 478 2235 541 No
2245 478 2471 539 TULA
2483 480 2559 542 Ε.
3319 487 3440 556 155

739 652 860 706 Fol.
889 651 973 706 11.
1019 665 1108 719 44.
1143 650 1300 706 Ante
1323 652 1426 707 hec
1438 652 1641 723 posuit
1660 654 1697 717 †
1722 669 1795 705 m.
1811 667 1862 720 2,
1887 650 2184 721 eademque
2219 667 2425 705 manus
2459 651 2523 705 in
2553 649 2701 704 calce
2722 650 2979 720 paginae
2998 647 3228 719 sempsit
3261 645 3317 701 in
3352 644 3449 700 die

877 735 1239 791 ascensiones
1263 735 1359 790 dni
1385 735 1558 790 nostri
1584 736 1682 791 ihu
1707 736 1798 806 xpi
1826 734 2035 791 second
2058 750 2286 790 carnem
2307 733 2471 789 lectio
2506 732 2777 802 euangelii
2814 732 3121 788 secondum
3143 733 3287 787 luca.
3358 741 3447 798 45.

881 818 1204 873 Secundum
1226 818 1443 889 aperuit
1455 818 1811 889 perlineauit
1832 825 1888 872 et
1907 820 2190 889 expunxit
2210 834 2353 873 corr.
2380 834 2453 871 m.
2458 820 2523 888 p.

740 916 862 971 Fol.
892 916 953 969 11
982 917 1038 971 b.
1072 930 1160 985 49.
1198 925 1352 986 patrs
1377 932 1450 969 m.
1454 918 1538 985 p.,
1563 915 1580 969 i
1605 919 1881 985 superscr.
1905 931 2048 970 corr.
2074 931 2147 968 m.
2156 918 2222 985 p.

740 1013 786 1066 F
789 1010 862 1067 ol.
891 1010 958 1065 12
977 1011 1034 1065 b.
1069 1012 1144 1065 In
1178 1013 1360 1083 capite
1381 1013 1640 1082 paginae
1673 1012 1948 1081 smptum
1981 1017 2067 1064 est
2099 1027 2173 1064 m.
2189 1014 2254 1081 p.
2292 1009 2515 1065 initium
2562 1009 2640 1065 sci
2686 1008 2977 1079 euangelii.
3017 1012 3065 1064 1.
3086 1021 3135 1075 7.
3162 1006 3345 1062 ueniet
3381 1020 3455 1058 ex

883 1094 1036 1151 uenit
1058 1096 1306 1149 correxit
1325 1112 1400 1149 m.
1403 1098 1471 1166 p.
1541 1096 1683 1149 Post
1702 1094 1855 1150 hunc
1875 1111 2105 1149 uersum
2128 1094 2282 1149 deest
2282 1093 2504 1164 solium
2530 1110 2727 1148 unum.

743 1192 866 1247 Fol.
893 1191 998 1246 156
1013 1192 1068 1246 b.
1117 1204 1203 1258 34.
1240 1190 1466 1246 demnia
1501 1208 1576 1245 m.
1590 1194 1674 1261 p.,
1710 1208 1745 1247 o
1781 1194 2057 1261 superscr.
2092 1205 2239 1246 corr.
2276 1207 2350 1244 m.
2353 1192 2420 1260 p.
2492 1201 2579 1259 35.
2614 1206 2887 1259 exurgens
2924 1206 2997 1243 m.
3000 1192 3084 1260 p.,
3111 1206 3139 1243 s
3175 1189 3451 1256 superscr.

885 1292 1028 1331 corr.
1055 1292 1128 1327 m.
1133 1279 1199 1344 p.

745 1371 868 1425 Fol.
897 1371 1000 1427 15¹7
1024 1371 1078 1425 b.
1128 1369 1178 1425 2.
1205 1384 1254 1424 2.
1290 1371 1329 1425 b
1366 1372 1434 1424 in
1469 1372 1702 1426 uerbum
1740 1387 1815 1424 ex
1849 1388 1886 1426 u
1923 1372 2174 1425 correxit
2211 1387 2355 1426 corr.
2398 1387 2471 1423 m.
2481 1373 2546 1440 p.
2620 1384 2671 1439 3.
2709 1387 2780 1424 ne
2820 1370 2885 1423 in
2924 1376 3192 1424 uenerunt
3228 1384 3266 1419 a
3304 1381 3377 1417 m.
3385 1366 3452 1435 p.

886 1456 1174 1523 omissum,
1199 1453 1426 1509 adch'dit
1445 1454 1511 1508 in
1537 1455 1798 1526 margine
1823 1471 1965 1509 corr.
1991 1470 2066 1507 m.
2073 1456 2138 1524 p.

729 1551 870 1609 rol.
898 1550 1019 1607 158.
1073 1569 1094 1604 ι
1104 1565 1154 1619 3.
1190 1550 1437 1621 pocessit
1463 1568 1538 1605 m.
1542 1554 1626 1621 p.,
1651 1568 1680 1604 r
1702 1553 1976 1620 superscr.
2001 1566 2146 1605 corr.
2171 1567 2245 1603 m.
2253 1553 2319 1619 p.

750 1649 868 1706 Fol.
899 1648 1001 1703 158
1019 1646 1076 1701 b.
1129 1660 1210 1714 14.
1243 1659 1322 1716 15.
1359 1656 1416 1703 te
1437 1647 1504 1701 in
1527 1646 1850 1717 praeteriret
1875 1653 2045 1716 atque
2069 1663 2138 1701 cu
2162 1647 2229 1700 in
2254 1647 2426 1702 secuti
2452 1664 2490 1699 a
2512 1662 2657 1701 corr.
2683 1663 2758 1700 m.
2764 1649 2829 1715 p.
2856 1644 3055 1699 addita
3072 1648 3229 1713 sunt.

750 1743 870 1801 Fol.
900 1743 1018 1801 159.
1067 1757 1153 1798 22.
1191 1742 1487 1815 disrumpit
1509 1760 1583 1797 ex
1605 1742 1919 1813 disrumpet
1941 1744 2194 1797 conexit
2215 1760 2288 1796 m.
2293 1746 2357 1813 p.
2382 1759 2526 1798 corr.

751 1840 870 1897 Fol.
902 1838 1006 1897 159
1018 1840 1075 1895 1).
1125 1852 1212 1906 27.
1249 1838 1288 1893 b
1336 1840 1402 1895 in
1469 1840 1766 1895 sabbatum
1823 1842 2102 1910 superscr.
2149 1854 2296 1893 corr.
2357 1856 2432 1894 m.
2446 1841 2512 1909 p.
2561 1839 2662 1893 bis.
2734 1840 2876 1892 Post
2933 1845 3165 1907 propter
3221 1832 3461 1889 secundo

892 1922 1024 1990 loce,
1049 1924 1252 1993 posuit
1277 1939 1304 1977 s
1337 1922 1520 1977 scriba
1561 1924 1734 1993 quasi
1765 1923 2062 1977 sabbatum
2109 1922 2301 1975 eadem
2338 1922 2491 1976 linea
2524 1923 2845 1992 scripturus
2861 1940 2883 1975 .·
2916 1921 3097 1975 erasit
3126 1934 3269 1974 corr.
3308 1934 3382 1971 m.
3401 1920 3460 1987 p.

894 2006 943 2060 3.
967 2020 1016 2059 2.
1054 2015 1270 2061 curaret
1304 2023 1378 2060 ex
1409 2014 1666 2063 curarent
1701 2006 1954 2061 correxit
1989 2021 2065 2058 νη.
2073 2009 2140 2076 p.
2175 2022 2321 2063 corr.
2396 2019 2445 2073 3.
2496 2006 2538 2060 ti
2580 2004 2646 2059 in
2681 2003 2909 2060 habenti
2951 2020 3027 2058 ex
3061 2012 3177 2057 tem
3217 2001 3467 2055 correxit

892 2104 1036 2144 corr.
1062 2106 1136 2143 νη.
1144 2092 1210 2158 p.

754 2187 800 2243 F
803 2185 876 2240 ol.
905 2184 1024 2239 160.
1074 2199 1123 2252 4.
1161 2196 1220 2240 ta
1242 2186 1309 2239 in
1333 2194 1623 2240 tacuerunt
1647 2188 1923 2256 superscr.
1948 2201 2092 2241 corr.
2120 2202 2195 2240 m.
2204 2188 2270 2256 p.

755 2282 877 2337 Fol.
904 2280 1008 2335 160
1023 2283 1080 2335 1).
1136 2295 1216 2335 12.
1253 2278 1471 2336 sciebnt
1495 2297 1569 2334 νη.
1578 2284 1662 2351 p.,
1687 2300 1724 2336 a
1745 2285 2020 2351 super-scr.
2045 2298 2191 2337 corr.
2216 2298 2291 2336 m.
2297 2285 2365 2353 p.
2426 2294 2507 2350 13.
2543 2298 2615 2337 ne
2638 2282 2703 2336 in
2726 2289 2998 2337 uenerunt
3022 2282 3296 2349 superscr.
3320 2292 3463 2331 corr.

897 2382 970 2417 m.
973 2367 1041 2435 p.
1119 2376 1196 2431 17.
1236 2380 1272 2417 o
1295 2365 1362 2419 in
1385 2364 1612 2419 tonitrui
1639 2382 1713 2419 ex
1731 2382 1768 2419 n
1791 2367 2040 2419 correxit
2060 2382 2134 2419 m.
2139 2369 2206 2435 p.

757 2459 878 2519 Fol.
908 2459 1024 2515 161.
1083 2460 1164 2514 18.
1199 2459 1615 2515 brtholomeum
1641 2477 1714 2513 m.
1723 2464 1808 2533 p.,
1832 2476 1868 2514 a
1891 2465 2166 2532 superscr.
2192 2477 2336 2515 corr.
2361 2464 2511 2532 νηῷ.

758 2558 882 2613 Fol.
912 2557 1009 2611 161
1031 2556 1086 2612 b.
1139 2570 1223 2624 27.
1261 2573 1298 2610 u
1322 2557 1389 2610 in
1423 2574 1566 2612 uasa
1599 2559 1666 2611 in
1701 2574 1913 2612 rasura
1948 2568 1969 2614 t
2005 2559 2221 2629 scripta
2254 2565 2339 2612 est
2361 2575 2398 2611 a
2422 2561 2565 2629 νηῷ.
2639 2559 2725 2614 28.
2795 2557 2952 2612 Ante
2986 2559 3170 2612 Amffl
3198 2555 3402 2626 posuit
3432 2552 3469 2614 †

899 2657 972 2694 m.
994 2655 1044 2696 2.
1117 2654 1203 2709 29.
1227 2648 1450 2696 aeterne
1467 2657 1541 2696 ex
1553 2639 1764 2696 aeterni
1785 2643 2033 2698 correxit
2047 2658 2121 2694 m.
2125 2645 2192 2712 p.
2206 2657 2351 2697 corr.
2407 2656 2494 2711 30.
2520 2643 2557 2697 b
2576 2643 2639 2696 in
2658 2643 2865 2697 habere
2879 2658 2953 2695 ex
2966 2659 2995 2696 r
3007 2641 3255 2696 correxit
3265 2641 3408 2707 νηῷ.

759 2736 880 2792 Fol.
907 2735 1028 2790 162.
1077 2737 1128 2791 4.
1159 2750 1204 2791 1.
1242 2753 1523 2806 cong-rega
1557 2747 1642 2792 est
1667 2741 1968 2809 purpureo
2003 2739 2185 2793 colore
2219 2757 2257 2792 a
2292 2741 2441 2808 νηῷ.
2466 2740 2740 2810 smptum
2775 2743 2899 2804 est;
2932 2747 2993 2792 ta
3014 2740 3288 2807 superscr.
3324 2749 3469 2789 corr.

899 2835 975 2873 m.
983 2822 1066 2888 p.,
1103 2825 1422 2874 atramento
1457 2837 1612 2875 usus.
1685 2835 1736 2889 3.
1771 2823 1893 2876 Pro
1930 2820 2216 2878 seminans
2250 2822 2558 2892 scripserat
2593 2821 2981 2876 seminandum
3018 2838 3093 2874 m.
3101 2823 3185 2890 p.,
3220 2816 3379 2888 quod
3404 2819 3470 2871 in

901 2901 1190 2957 seminans
1212 2905 1462 2958 correxit
1480 2905 1601 2973 ipse
1623 2903 1822 2958 scriba.
1900 2916 1946 2974 5.
1983 2905 2105 2959 Pro
2128 2922 2297 2976 super
2318 2907 2441 2960 loca
2463 2907 2769 2977 scripserat
2790 2905 2939 2960 circa
2962 2904 3113 2960 uiam
3138 2919 3211 2956 m.
3219 2905 3302 2972 p.,
3320 2899 3480 2971 quod

900 2986 1081 3039 erasit
1100 3001 1244 3039 corr.
1270 3001 1344 3039 m.
1352 2989 1437 3056 p.,
1463 2993 1632 3056 atque
1657 3004 1826 3057 super
1848 2988 1971 3042 loca
1993 2989 2058 3041 in
2081 3005 2295 3042 rasura
2318 2990 2562 3058 scripsit.

767 3081 814 3136 F
816 3080 890 3136 ol.
920 3080 1022 3135 162
1040 3080 1096 3136 b.
1146 3093 1196 3148 7.
1235 3081 1425 3152 spinas
1439 3100 1514 3138 ex
1523 3082 1700 3153 spinis
1722 3085 1971 3139 correm’t
1993 3100 2065 3138 m.
2073 3087 2139 3154 p.
2201 3085 2251 3140 8.
2288 3095 2599 3140 crsoentem
2618 3100 2692 3138 m.
2698 3087 2781 3155 p.,
2800 3101 2833 3140 e
2854 3088 3130 3155 superscr.
3154 3099 3298 3138 corr.
3322 3097 3397 3135 m.
3406 3083 3473 3151 p.

763 3177 884 3232 Fol.
915 3175 1016 3231 163
1033 3176 1092 3232 1).
1146 3192 1226 3247 19.
1263 3176 1346 3233 sie
1369 3195 1444 3233 m.
1449 3181 1533 3248 p.,
1559 3195 1597 3232 n
1621 3182 1896 3249 superscr.
1921 3196 2066 3234 corr.
2091 3197 2165 3234 m.
2167 3183 2235 3251 p.

765 3272 888 3328 Fol.
915 3271 1036 3327 165.
1083 3273 1135 3327 5.
1165 3285 1216 3427 5ῤ
1250 3272 1646 3330 imonumentis
1671 3292 1744 3329 m.
1751 3279 1835 3346 p.,
1855 3293 1894 3330 n
1916 3279 2191 3346 superscr.
2209 3293 2354 3331 corr.
2370 3293 2443 3330 m.
2447 3280 2514 3348 p.
2569 3291 2621 3346 9.
2656 3295 2730 3347 ga
2746 3278 2811 3331 in
2830 3275 3187 3347 interrogauit
3198 3278 3477 3346 superscr.

907 3371 1051 3410 corr.
1077 3373 1151 3410 m.
1218 3396 1233 3411 .

766 3452 886 3508 Fol.
915 3451 1018 3506 165
1036 3453 1091 3507 b.
1145 3465 1226 3507 11.
1263 3461 1479 3508 mntem
1515 3470 1590 3507 νη.
1598 3457 1681 3524 p.,
1717 3471 1753 3508 o
1787 3457 2065 3525 superscr.
2103 3471 2248 3511 corr.
2288 3472 2361 3509 m.
2366 3457 2433 3525 p.
2514 3469 2593 3522 14.
2630 3457 2903 3526 pascebnt
2940 3473 3013 3513 m.
3023 3459 3107 3527 p.,
3132 3472 3169 3510 a
3201 3459 3479 3527 superscr.

906 3551 1050 3590 corr.
1075 3552 1150 3589 m.
1157 3539 1224 3606 p.
1303 3547 1384 3605 15.
1419 3537 1647 3592 Puncta
1671 3539 1829 3591 inter·
1847 3536 1964 3592 ihm
1987 3545 2044 3592 et
2065 3547 2122 3594 et
2147 3554 2185 3590 a
2210 3555 2387 3592 manu
2398 3539 2603 3610 prima
2627 3539 2827 3594 addita
2849 3544 3002 3594 sunt.

767 3631 888 3686 Fol.
916 3630 1036 3685 166.
1091 3632 1171 3686 18.
1207 3649 1243 3686 a
1267 3633 1422 3685 inter
1443 3632 1538 3704 qui
1564 3639 1621 3686 et
1643 3632 1908 3688 demonio
1932 3637 2209 3704 superscr.
2234 3651 2378 3688 corr.
2404 3650 2477 3688 m.
2482 3638 2549 3705 p.
2628 3649 2708 3705 19.
2746 3636 2785 3691 d
2808 3635 2873 3691 in
2899 3635 3000 3690 sed
3033 3636 3098 3690 in
3127 3653 3244 3690 ras.
3267 3636 3484 3705 smpta

905 3719 1005 3782 est,
1029 3712 1133 3768 sed
1146 3733 1184 3768 a
1208 3731 1280 3769 m.
1283 3717 1349 3785 p.
1422 3714 1834 3772 misertusertus
1857 3733 1932 3770 m.
1935 3720 2020 3787 p.,
2045 3715 2351 3771 secundum
2374 3728 2523 3773 ertus
2548 3718 2904 3788 perlineauit
2937 3723 2993 3773 et
3024 3719 3305 3791 expunxit
3335 3735 3481 3774 corr.

908 3814 981 3851 m.
985 3801 1052 3869 p.
1125 3813 1212 3852 20.
1249 3798 1400 3869 copit
1424 3815 1496 3852 nt.
1505 3801 1587 3869 p.,
1625 3817 1658 3856 e
1693 3803 1968 3870 superscr.
1993 3817 2138 3854 corr.
2175 3819 2249 3854 m.
2256 3804 2323 3871 p.
2398 3815 2483 3869 24.
2521 3818 2629 3856 con
2657 3803 2723 3856 in
2757 3801 3184 3873 conprimebant
3205 3805 3482 3873 superscr.

906 3898 1052 3936 corr.
1078 3898 1152 3935 m.
1164 3885 1227 3952 p.

770 3976 890 4031 Fol.
920 3976 1023 4030 166
1037 3977 1094 4032 b.
1145 3989 1232 4047 25.
1267 3987 1289 4034 t
1314 3979 1378 4032 in
1401 3989 1522 4034 erat
1567 3980 1633 4033 in
1656 3996 1771 4033 ras.
1793 3981 2009 4050 scrtpta
2032 3985 2118 4034 est
2139 3997 2176 4033 a
2202 3997 2276 4033 m.
2284 3983 2351 4050 p.
2424 3995 2509 4048 31.
2547 3992 2568 4036 t
2607 3981 2670 4036 in
2695 3981 2887 4037 dicunt
2909 3998 2984 4035 ex
3002 3999 3035 4036 e
3059 3983 3308 4036 correxit
3339 3997 3413 4034 m.
3418 3985 3485 4053 p.

911 4071 998 4126 32.
1034 4059 1601 4132 circircumspiciebat
1623 4079 1695 4116 m.
1700 4065 1784 4133 p.,
1800 4064 2065 4133 primum
2089 4063 2170 4118 cir
2183 4063 2541 4134 perlineauit
2560 4069 2617 4120 et
2637 4067 2919 4136 expunxit
2937 4081 3081 4120 corr.
3106 4081 3181 4118 m.
3184 4067 3251 4135 p.

769 4155 890 4210 Fol.
919 4155 1022 4210 167
1039 4157 1093 4212 b.
1141 4170 1228 4224 41.
1267 4157 1306 4212 d
1327 4159 1394 4212 in
1418 4157 1546 4213 dico
1581 4175 1655 4213 ex
1685 4167 1708 4214 t
1743 4161 1994 4214 correxit
2026 4175 2100 4214 m.
2104 4162 2170 4230 p.
2242 4159 2295 4214 6.
2327 4175 2372 4216 1.
2410 4162 2744 4232 sequebatur
2768 4179 2843 4214 m.
2847 4165 2931 4232 p.,
2957 4178 2994 4216 n
3031 4165 3305 4232 superscr.
3343 4178 3486 4216 corr.

913 4255 989 4292 m.
1049 4278 1064 4294 .

773 4333 894 4387 Fol.
921 4243 1044 4389 leg
1094 4346 1142 4405 5.
1180 4334 1394 4391 infirms
1431 4354 1505 4391 νη.
1513 4341 1595 4408 p.,
1635 4355 1670 4392 o
1705 4342 1977 4424 superscr.
2014 4357 2158 4394 corr.
2196 4343 2340 4411 m.p.

2892 4451 2927 4490 x
2963 4449 2993 4489 2
