4373 5048
540 533 665 582 ποι.
688 535 743 582 ο.
793 525 1047 585 electus·
1073 556 1088 571 ·
1115 556 1130 571 ·

795 367 918 413 110

1175 523 1219 557 ⁸⁶
1239 523 1374 583 delu

793 619 1009 678 debant
1035 628 1231 676 autem
1261 623 1334 677 eii

790 722 849 771 et
875 712 1083 772 milites
1107 743 1121 758 ·
1192 711 1270 771 Et
1299 730 1335 770 a

795 816 990 865 cetum
1025 806 1146 864 offe

792 900 1000 958 rebant
1029 899 1107 958 illi

793 992 838 1025 ⁸⁷
858 993 1119 1053 dicentes
1183 992 1241 1051 Si
1271 1004 1332 1051 tu

792 1104 857 1145 es
885 1105 988 1145 rex
1023 1086 1270 1147 iudeorfi

791 1180 972 1241 libera
1001 1192 1055 1240 te
1085 1182 1276 1256 ipsum

791 1273 835 1307 ⁸⁸
853 1273 930 1333 Et
957 1286 1080 1333 erat
1109 1273 1436 1353 superscrip

792 1368 873 1427 tio
901 1369 1182 1446 inscripta
1209 1386 1278 1427 su

792 1481 898 1540 per
924 1462 1086 1522 illum
1115 1494 1129 1509 ·
1192 1463 1310 1523 litte

790 1556 870 1614 ris
903 1557 1088 1633 grecis
1113 1589 1126 1603 ·
1193 1566 1252 1615 et
1279 1557 1380 1615 lati

791 1650 884 1709 nis
904 1681 918 1696 ·
983 1660 1042 1709 et
1070 1650 1358 1710 hebreicis

791 1743 887 1803 hic
917 1754 1006 1803 est
1034 1763 1136 1801 rex
1167 1744 1342 1803 iudeo

791 1855 922 1895 rum
945 1868 959 1883 ·
1005 1836 1048 1870 ⁸⁹
1068 1836 1240 1895 Unus
1268 1838 1344 1897 eti

792 1949 889 1990 am
920 1930 1270 2007 dependenti

793 2025 904 2083 bus
931 2024 1251 2083 latronibus

793 2117 1177 2177 blasfemabat

793 2230 930 2270 eum
959 2212 1160 2271 dicens
1191 2244 1204 2259 ·
1271 2212 1333 2271 Si

792 2302 854 2352 tu
884 2311 948 2353 es
981 2298 1092 2369 xps
1116 2326 1129 2340 ·
1191 2293 1353 2354 salua

792 2389 1160 2465 temetipsum

792 2530 852 2579 et
879 2538 989 2580 nos
1013 2553 1027 2567 ·
1053 2553 1067 2568 ·
1088 2553 1102 2568 ·
1148 2521 1192 2555 ⁴⁰
1210 2540 1426 2600 respon

792 2614 938 2674 dens
966 2625 1158 2675 autem
1188 2615 1330 2675 alter

793 2709 1128 2786 increpabat
1155 2729 1292 2769 eum

792 2803 993 2863 dicens
1013 2835 1026 2850 ·
1093 2823 1202 2863 nec
1233 2805 1402 2864 times

791 2897 892 2956 dm
923 2907 984 2955 tu
1013 2898 1174 2973 quod
1204 2899 1262 2956 in
1291 2916 1361 2957 ea

791 2990 929 3049 dem
952 2991 1326 3051 damnatione

790 3102 854 3144 es
874 3115 888 3130 ·
932 3083 974 3117 ⁴¹
993 3085 1070 3143 Et
1101 3105 1209 3146 nos
1238 3085 1472 3163 quidem

790 3179 936 3238 iuste
956 3210 971 3225 ·
1033 3177 1191 3237 Nam
1222 3181 1320 3257 dig

789 3291 868 3331 na
897 3270 1059 3330 sactis
1087 3273 1266 3350 recipi

789 3383 920 3425 mus
944 3396 957 3411 ·
1021 3365 1138 3424 Hic
1166 3384 1306 3426 uero

790 3458 928 3518 nihil
959 3460 1110 3518 male
1133 3461 1310 3536 gessit

789 3550 834 3586 ⁴⁹
851 3553 928 3612 Et
954 3553 1184 3612 dicebat
1211 3555 1282 3612 ad
1313 3556 1432 3614 ihm

787 3664 1018 3706 memor
1044 3657 1169 3706 esto
1197 3651 1312 3708 mei

792 3741 909 3801 dfie
933 3773 947 3788 ·
1006 3743 1244 3819 quando
1273 3761 1348 3804 ue

795 3835 920 3894 nies
948 3836 1007 3893 in
1038 3855 1221 3912 regno
1251 3847 1351 3898 tuo
1371 3869 1384 3884 ·

791 3927 920 3987 “Et
939 3929 1076 3988 dixit
1093 3931 1146 3988 ei
1164 3931 1253 3990 ihs
1271 3963 1284 3977 ·
1315 3950 1490 3992 amen

791 4022 925 4082 dico
954 4024 1058 4081 tibi
1119 4023 1292 4083 hodie

791 4123 964 4176 mecil
995 4117 1104 4176 eris
1131 4118 1191 4175 in

790 4211 1027 4288 padisso
1046 4243 1060 4258 ·
1104 4213 1149 4245 ⁴⁴
1165 4213 1242 4271 Et
1268 4224 1390 4273 erat

795 4303 911 4364 fere
940 4305 1084 4365 hora
1111 4317 1274 4367 sexta

2156 346 2396 411 SECD
2417 379 2432 394 ·

1550 524 1610 581 in
1637 524 1911 582 uniuersa
1943 532 2094 581 terra
2118 554 2130 568 ·

1550 634 1734 694 usque
1764 618 2074 676 in·nonam

1550 710 1757 770 horam
1783 742 1797 756 ·
1841 712 1886 743 ⁴⁶
1903 710 1980 768 Et
2009 712 2195 769 obseu

1549 814 1707 863 ratus
1736 816 1822 862 est
1853 804 1978 862 sol·
2039 814 2096 863 et
2126 824 2196 863 ue

1549 898 1673 956 lum
1710 898 1913 975 templi
1946 900 2130 957 scissii

1549 1005 1634 1050 est
1663 991 1922 1050 medium
1947 1022 1961 1037 ·
2005 992 2051 1025 ⁴⁸
2068 992 2147 1049 Et

1549 1085 1812 1145 clamans
1843 1104 1991 1145 uoce
2021 1094 2104 1143 111¹³
2113 1106 2154 1162 g

1549 1198 1626 1237 na
1654 1180 1742 1239 ihs
1813 1180 1958 1239 dixit
2028 1199 2106 1256 pa

1547 1282 1633 1331 ter
1662 1274 1721 1331 in
1751 1292 1967 1332 manus
1995 1283 2126 1332 tuas

1547 1366 1905 1426 commendo
1936 1373 2068 1444 spm

1547 1478 1744 1519 meum
1767 1493 1780 1508 ·
1841 1462 1919 1519 Et
1949 1462 2062 1520 hoc
2094 1462 2152 1522 di

1547 1572 1686 1613 cens
1716 1556 1903 1614 emisit
1936 1560 2068 1631 spm
2089 1587 2103 1601 ·

1545 1647 1590 1680 ⁴⁷
1610 1646 1833 1707 Uidens
1867 1660 2062 1707 autem
2093 1667 2203 1709 cen

1547 1741 1693 1800 turio
1723 1742 1884 1817 quod
1915 1742 1989 1801 fie

1545 1835 1646 1893 bat
1675 1836 1988 1912 magnifica

1547 1932 1645 1987 bat
1674 1929 1774 1987 dm
1803 1930 2003 2003 dicens

1545 2040 1678 2081 uere
1703 2022 1792 2082 hic
1823 2024 2004 2084 homo

1547 2117 1728 2175 iustus
1756 2127 1879 2176 erat
1902 2150 1916 2165 ·
2017 2126 2024 2132 “

1546 2210 1590 2243 ⁴⁸
1607 2210 1683 2270 Et
1711 2213 1904 2271 omnis
1935 2213 2101 2272 turba

1549 2306 1647 2381 qui
1677 2306 1846 2363 simul
1875 2306 2116 2365 aderant

1547 2399 1621 2456 ad
1658 2400 2055 2474 spectaculum

1549 2531 1701 2590 istud
1719 2563 1734 2578 ·
1794 2532 2074 2591 uidenten

1549 2635 1632 2684 tes
1661 2644 1810 2701 quae
1841 2627 2058 2686 fiebant

1545 2721 1932 2797 percutientes
1969 2738 2078 2797 pec

1545 2823 1674 2872 tora
1704 2832 1807 2872 sua
1835 2832 2000 2872 reuer

1546 2908 1812 2965 tebantur
1831 2937 1845 2952 ·
1888 2907 1932 2939 ⁴⁹
1953 2906 2054 2966 Sta

1544 3000 1688 3059 bant
1715 3010 1910 3059 autem
1939 3020 2145 3062 omnes

1543 3095 1666 3152 noti
1695 3095 1816 3152 eius
1844 3114 1879 3154 a
1914 3095 2088 3173 longe
2117 3098 2174 3156 ui

1544 3187 1746 3246 dentes
1817 3189 1894 3247 Et
1924 3191 2100 3264 mulie

1542 3299 1634 3340 res
1663 3300 1814 3358 quae
1843 3294 2038 3343 secute

1541 3383 1706 3432 erant
1735 3374 1894 3433 illum
1925 3395 1961 3435 a
1988 3377 2104 3452 gali

1541 3467 1633 3526 lea
1660 3467 1805 3527 haec
1833 3469 2094 3529 uidentes

1543 3561 1588 3594 ⁶⁰
1607 3560 1683 3620 Et
1705 3579 1842 3620 ecce
1872 3563 1959 3620 uir
1988 3566 2225 3626 nomine

1543 3654 1746 3732 ioseph
1772 3688 1784 3701 ·
1858 3658 1957 3733 qui
1983 3669 2107 3718 erat

1543 3748 1778 3809 decurio
1809 3751 1996 3810 bonus

1543 3852 1601 3902 et
1629 3845 1810 3904 iustus
1831 3877 1845 3891 ·
1889 3843 1932 3877 ⁶¹
1953 3847 2070 3905 Hic
2101 3866 2221 3907 non

1543 3948 1915 3997 consenserat
1948 3959 2062 3999 con

1545 4031 1668 4090 silIo
1697 4041 1755 4090 et
1783 4034 2010 4091 actibus
2040 4053 2113 4092 eo

1543 4143 1672 4182 rum
1696 4156 1710 4171 ·
1776 4127 1852 4184 ab
1881 4127 2181 4187 arimathia

1543 4217 1772 4277 ciuitate
1801 4219 2003 4278 iudeae
2025 4252 2085 4267 ·-

1542 4312 1642 4388 qui
1670 4313 1843 4371 etiam
1872 4332 2084 4392 exspec

791 4409 849 4457 et
867 4401 1137 4460 tenebrae
1157 4400 1341 4462 factae
1359 4413 1492 4462 sunt
1543 4405 1702 4465 tabat
1729 4424 1970 4484 regnum
2001 4409 2060 4468 di

2331 522 2375 555 ³²
2397 520 2514 580 Hic
2543 521 2789 580 accessit
2817 522 2891 581 ad
2920 520 2981 597 pi
3086 530 3456 582 consternate
3484 530 3621 580 sunt

2335 615 2515 673 latum
2544 625 2601 673 et
2630 615 2774 692 petit
3086 614 3161 674 de
3188 616 3300 676 isto
3318 646 3333 661 ·
3392 614 3470 673 Et
3496 632 3639 675 ecce

2328 727 2539 785 corpus
2568 709 2665 767 ihu
2690 740 2705 755 ·
2749 706 2793 740 ⁸³
2814 706 2890 766 Et
2918 708 2991 767 de
3084 707 3205 766 duo
3234 707 3337 766 uiri
3364 718 3645 767 steterunt

2328 803 2583 879 positum
2610 801 2769 861 illum
3082 819 3253 861 secus
3280 802 3404 862 illas
3430 803 3493 860 in
3520 819 3626 861 ues

2329 897 2575 955 inuoluit
2602 897 2663 955 in
2692 896 2862 955 sindo
3080 906 3136 955 te
3165 896 3408 972 fulgenti
3428 926 3444 943 ·
3503 896 3525 928 ⁶
3544 894 3699 957 Cum

2327 1008 2465 1048 nem
2496 1000 2555 1049 et
2582 991 2775 1067 posuit
2802 996 2875 1049 eii
3080 990 3348 1049 timerent
3376 1000 3572 1050 autem
3596 1022 3611 1037 ·

2326 1084 2385 1141 in
2416 1095 2804 1143 monumento
3078 1092 3136 1141 et
3164 1082 3517 1143 declinarent

2325 1178 2526 1237 exciso
2585 1178 2645 1236 in
2674 1196 2793 1254 quo
2822 1196 2944 1237 non
3076 1176 3305 1236 uultum
3334 1179 3395 1237 in
3424 1184 3573 1239 terra

2324 1271 2463 1329 dum
2494 1272 2801 1349 quisquam
3075 1269 3360 1329 Dixerunt
3386 1272 3463 1331 ad
3488 1272 3613 1333 illas

2324 1366 2547 1441 positus
2574 1377 2697 1425 erat
2720 1397 2733 1413 ·
3074 1365 3215 1440 quid
3241 1366 3477 1442 queritis

2322 1458 2368 1492 ⁶⁴
2384 1470 2442 1518 et
2470 1459 2594 1518 dies
2622 1468 2745 1519 erat
2772 1478 2954 1519 cenae
3071 1460 3366 1519 uiuentem
3392 1476 3530 1518 cum

2324 1571 2505 1628 purae
2562 1564 2621 1611 et
2648 1554 2831 1613 sabba
3072 1553 3319 1611 mortuis
3380 1553 3402 1586 ⁶
3419 1569 3543 1612 non
3570 1562 3661 1613 est

2322 1656 2445 1705 tum
2474 1647 2863 1708 inlucescebat
3071 1643 3165 1704 hic
3230 1646 3334 1705 sed
3364 1647 3606 1706 surrexit
3628 1678 3645 1693 ·

2320 1740 2365 1772 ⁰⁶
2386 1740 2738 1802 Subsecutae
2766 1746 2899 1801 aute
3071 1738 3567 1799 Rememoramini

2320 1834 2432 1893 due
2460 1835 2726 1896 mulieres
3069 1833 3311 1909 qualiter
3338 1833 3565 1896 locutus

2319 1946 2470 2007 quae
2500 1947 2635 1988 cum
2664 1930 2794 2007 ipso
2820 1948 2895 1991 ue
3070 1937 3159 1986 est
3180 1929 3349 1988 uobis
3368 1946 3503 1988 cum

2319 2033 2525 2081 nerant
2554 2023 2626 2081 de
2654 2023 2861 2100 galilea
2879 2056 2894 2071 ·
3070 2021 3262 2081 adhuc
3290 2022 3351 2081 in
3380 2022 3589 2099 galilea
3615 2040 3681 2083 es

2318 2116 2586 2177 uiderunt
2613 2136 2799 2178 monu
3070 2126 3157 2175 set
3214 2116 3236 2149 ⁷
3254 2117 3453 2177 dicens
3474 2148 3488 2163 ·
3546 2119 3687 2195 quia

2318 2221 2581 2270 mentum
2604 2244 2619 2259 ·
2680 2210 2756 2271 Et
2784 2217 2897 2289 que
3067 2220 3299 2286 oportet
3326 2210 3507 2269 filium
3534 2210 3615 2273 ho

2314 2304 2633 2364 admodum
2660 2308 2791 2383 posi
3068 2304 3241 2361 minis
3269 2306 3417 2364 tradi
3444 2306 3504 2364 in
3534 2324 3631 2365 ma

2316 2406 2443 2455 tum
2469 2408 2591 2458 erat
2618 2417 2832 2477 corpus
3066 2413 3176 2455 nus
3204 2397 3505 2459 hominum
3532 2418 3642 2477 pec

3065 2540 3331 2591 catorum
3355 2564 3370 2579 ·
3434 2543 3491 2592 et
3518 2533 3677 2594 cruci

3065 2625 3165 2702 figi
3226 2636 3285 2685 et
3308 2627 3471 2686 tertia
3498 2627 3589 2687 die
3616 2646 3679 2688 re

3064 2737 3299 2796 surgere
3318 2751 3333 2766 ·
3378 2721 3399 2752 ⁸
3416 2719 3495 2780 Et
3522 2739 3583 2782 re

3062 2814 3371 2872 memorati
3399 2825 3532 2874 sunt

2316 2532 2441 2590 eius
2460 2563 2475 2578 ·
2519 2531 2563 2564 ¹⁵⁸
2578 2531 2657 2590 Et
2682 2550 2851 2593 reuer

2318 2634 2501 2684 tentes
2532 2637 2883 2703 parauerunt

2315 2731 2579 2778 aromata
2608 2729 2666 2778 et
2692 2738 2929 2796 unguen

2314 2822 2373 2870 ta
2391 2843 2405 2858 ·
2464 2811 2542 2870 Et
2570 2815 2815 2872 sabbato
2844 2815 2943 2893 qui

2314 2906 2449 2964 dem
2476 2907 2751 2966 siluerunt
3062 2907 3377 2968 uerborum
3404 2910 3526 2970 eius
3550 2941 3565 2956 ·

2312 3001 2633 3060 secundum
2660 3002 2876 3061 manda
3064 3001 3085 3033 ⁹
3101 3000 3180 3061 Et
3208 3021 3469 3078 regresse
3496 3023 3533 3064 a
3560 3021 3661 3064 mo

2312 3103 2437 3152 tum
2456 3126 2471 3140 ·
2514 3101 2620 3156 24.
2646 3097 2665 3128 ¹
2674 3096 2861 3173 prima
2879 3102 3011 3157 aute
3062 3104 3342 3156 numento
3368 3115 3556 3160 renun

2312 3189 2536 3248 sabbati
2566 3201 2855 3249 uenerunt
3061 3191 3347 3249 tiauerunt
3377 3191 3522 3253 haec
3550 3211 3651 3254 om

2312 3283 2481 3341 ualde
2504 3291 2767 3361 tempore
3063 3284 3161 3342 nia
3188 3285 3295 3344 illis
3323 3286 3597 3347 undecim
3616 3319 3631 3334 ·

2310 3377 2388 3435 ad
2416 3384 2799 3437 monumenta
3061 3388 3119 3437 et
3147 3381 3351 3440 ceteris
3380 3383 3681 3444 omnibus·

2310 3481 2607 3547 portantes
2635 3491 2785 3549 quae
3060 3471 3105 3504 ¹⁰
3123 3472 3265 3532 Erat
3290 3485 3486 3536 autem
3512 3479 3694 3538 maria

2310 3576 2663 3641 parauerunt
2685 3586 2765 3627 un
3061 3567 3445 3644 magdalenae
3468 3602 3483 3618 ·
3542 3582 3603 3632 et
3630 3573 3690 3632 io

2312 3669 2529 3735 guenta
2606 3670 2662 3720 et
2690 3661 2925 3738 quidam
3062 3660 3259 3721 hanna
3280 3695 3295 3710 ·
3354 3675 3411 3724 et
3438 3667 3623 3726 maria

2311 3772 2447 3813 cum
2477 3755 2619 3831 ipsis
2682 3756 2703 3788 ²
2720 3755 2797 3814 Et
2824 3757 2961 3816 inue
3062 3755 3249 3815 iacobi
3304 3768 3362 3818 et
3389 3769 3614 3820 ceterae

2312 3857 2523 3906 nerunt
2548 3848 2802 3925 lapidem
3063 3868 3213 3926 quae
3243 3870 3379 3912 cum
3405 3854 3549 3931 ipsis
3576 3854 3673 3916 fue

2308 3942 2634 4002 reuolutum
2662 3955 2827 4004 amo
3062 3956 3191 4004 rant
3253 3946 3399 4006 haec
3428 3948 3704 4010 dicebant

2310 4046 2593 4096 numento
2655 4037 2887 4115 ³ingres
3060 4039 3137 4098 ad
3164 4042 3468 4117 apostolos
3492 4076 3505 4091 ·
3548 4043 3593 4079 ²¹
3610 4045 3688 4106 Et

2311 4147 2375 4188 se
2403 4141 2597 4189 autem
2628 4149 2750 4190 non
2781 4133 2843 4192 in
3057 4134 3212 4194 uisse
3240 4145 3375 4195 sunt
3402 4149 3537 4199 ante
3566 4141 3605 4199 il

2308 4233 2591 4283 uenerunt
2618 4243 2827 4302 corpus
3054 4229 3141 4289 los
3170 4232 3317 4291 sicut
3344 4231 3522 4294 delira

2310 4318 2411 4377 dfii
2438 4319 2536 4378 ihu
2557 4351 2571 4366 ·
2622 4317 2738 4376 *Et
2766 4321 2922 4383 sactu
3054 4335 3316 4386 mentum
3372 4345 3478 4387 uer

2307 4424 2396 4474 est
2422 4415 2561 4476 dum
2590 4430 2788 4478 mente
3056 4421 3133 4479 ba
3160 4421 3268 4479 ista
3328 4432 3389 4482 et
3416 4441 3540 4484 non
3568 4441 3665 4484 cre

3141 354 3364 419 [xxm.
3386 356 3681 421 35-XX1V.
3710 368 3787 406 ιι.

3859 527 3987 578 1¹01.
4004 528 4102 583 20.
