4373 5048
800 318 887 385 26

530 503 655 555 τοι.
680 504 776 555 σο.
799 491 879 551 ob
906 509 1083 552 causa
1114 490 1339 551 fornica

798 586 1010 645 tionis·
1053 594 1111 645 et
1138 584 1313 643 aliam

794 677 1022 738 duxerit
1046 676 1296 739 moecha

794 783 889 834 tur
907 803 922 820 ·
966 783 1025 832 et
1052 773 1353 832 dimissam

796 865 897 943 qui
924 866 1149 925 duxerit
1175 883 1313 925 moe

796 959 1003 1020 chatur
1022 990 1037 1005 ·
1096 957 1141 991 ¹⁰
1158 958 1360 1018 dicunt

794 1053 847 1111 ei
874 1050 1135 1130 discipuli
1162 1052 1285 1111 eius
1308 1082 1323 1098 ·

793 1144 856 1205 Si
883 1146 963 1205 ita
989 1156 1078 1206 est
1110 1164 1289 1205 causa
1308 1176 1323 1192 ·

790 1241 895 1299 uiri
924 1258 1063 1300 cum
1090 1250 1260 1300 ¹¹¹ore
1290 1258 1412 1301 non

789 1334 1024 1411 expedit
1051 1337 1269 1395 nubere
1289 1364 1303 1383 ·

790 1425 834 1461 ¹¹
852 1429 933 1487 At
958 1428 1053 1488 ille
1082 1428 1225 1488 dixit
1252 1427 1335 1488 eis
1355 1458 1371 1475 ·

791 1540 915 1581 non
942 1540 1152 1581 omnes
1180 1522 1313 1599 capi

789 1626 895 1675 unt
921 1618 1167 1677 uerbum
1200 1616 1249 1675 is

789 1710 894 1770 tud
971 1710 1075 1769 sed
1105 1710 1313 1787 quibus

788 1812 1059 1881 paratum
1092 1814 1182 1891 est
1199 1834 1215 1851 ·

787 1896 833 1929 ¹²
843 1896 991 1957 Sunt
1018 1898 1177 1957 enim
1203 1894 1458 1955 eunuchi
1478 1927 1491 1943 ·

788 1991 891 2068 qui
918 1989 991 2049 de
1016 1998 1185 2049 utero
1211 2006 1311 2047 ma

788 2085 891 2143 tris
918 2084 1037 2143 nati
1066 2093 1201 2141 sunt
1228 2082 1311 2143 sic
1332 2113 1346 2129 ·

790 2176 869 2236 Et
898 2186 1035 2236 sunt
1060 2174 1313 2235 eunuchi
1342 2238 1347 2243 ,

788 2271 889 2347 qui
915 2269 1051 2330 facti
1078 2271 1311 2329 suntab

787 2401 1125 2462 hominibus
1145 2432 1159 2449 ·
1203 2400 1280 2460 Et
1310 2411 1446 2461 sunt

788 2496 1041 2557 eunuchi
1068 2496 1168 2574 qui
1201 2515 1261 2557 se
1290 2496 1349 2575 ip

785 2607 885 2650 sos
914 2591 1218 2653 eunuchos
1242 2590 1299 2650 fe

784 2696 989 2745 cerunt
1056 2694 1295 2764 propter

780 2797 1031 2856 regnum
1056 2778 1351 2839 caelorum
1370 2808 1386 2825 ·

781 2873 884 2950 qui
909 2883 1100 2950 potest
1126 2891 1335 2950 capere

783 2967 973 3043 capiat
996 2997 1011 3012 ·
1076 2965 1119 3000 ¹⁸
1140 2966 1315 3026 Tunc

782 3059 961 3119 oblati
991 3069 1125 3119 sunt
1154 3061 1206 3120 ei
1232 3077 1349 3136 pue

784 3153 833 3210 ri
860 3163 924 3212 ut
952 3171 1163 3212 manus
1190 3153 1274 3212 eis
1302 3154 1363 3211 in

781 3254 1027 3324 poneret
1058 3254 1116 3305 et
1144 3256 1333 3307 oraret
1355 3277 1369 3296 ·

784 3337 1072 3417 Discipuli
1101 3348 1299 3399 autem

780 3433 1130 3511 proibebant
1157 3451 1261 3492 eos
1280 3463 1295 3480 ·

782 3525 828 3559 ¹⁴
845 3526 947 3586 nis
975 3537 1170 3586 autem
1200 3526 1279 3586 ait
1302 3559 1315 3574 ·
1380 3528 1489 3587 sini

783 3631 841 3684 te
870 3637 1083 3697 pueros
1110 3630 1168 3680 et
1196 3621 1317 3680 noli

781 3715 1044 3794 proibere
1072 3732 1175 3775 eos
1203 3716 1340 3774 ueni

781 3827 845 3868 re
874 3808 950 3869 ad
978 3826 1073 3868 me
1094 3837 1108 3854 ·
1150 3808 1348 3868 talium

783 3903 943 3962 enim
973 3911 1059 3961 est
1086 3919 1338 3978 regnum

782 3995 1080 4056 caelorum
1099 4026 1113 4042 ·
1170 3995 1288 4055 ¹⁶et
1316 3997 1458 4074 inpo

781 4089 905 4148 sitis
931 4086 1041 4148 illis
1067 4107 1279 4150 manus

780 4181 923 4244 abiit
946 4182 1119 4244 inde·

2086 304 2534 381 SECUNDIJ
2547 348 2562 367 ·

1541 580 1655 641 iiiis
1680 584 1891 643 accesit
1920 582 1999 643 ad
2022 602 2161 643 eum
2178 614 2194 631 ·

1542 687 1602 737 et
1630 678 1708 736 ait
1736 676 1815 735 illi
1898 678 2089 754 magis

1547 780 1632 830 ter
1658 772 1855 831 bonae
1878 802 1893 818 ·
1945 772 2087 849 quid

1546 864 1687 924 boni
1712 863 1925 924 faciam
1952 875 2017 924 ut
2044 864 2121 925 ha

1544 959 1720 1017 beam
1747 959 1931 1020 uitam
1960 969 2122 1019 aeter

1544 1069 1687 1111 nam
1709 1083 1724 1098 ·
1785 1051 1831 1086 ¹2
1847 1054 1928 1112 At
1952 1053 2041 1113 isse
2070 1053 2169 1113 dix

1546 1146 1589 1204 it
1616 1146 1669 1205 ei
1696 1146 1835 1223 quid
1865 1164 1960 1206 me
1989 1145 2135 1206 dicis

1543 1240 1771 1299 bonum
1852 1258 2031 1300 nemo
2059 1241 2140 1301 bo

1546 1350 1657 1393 nus
1686 1333 1795 1393 nisi
1821 1351 1975 1393 unus
2003 1334 2073 1393 ds
2092 1366 2107 1381 ·

1547 1426 1611 1487 Si
1636 1439 1832 1487 autem
1858 1428 1947 1487 uis
1975 1428 2127 1487 intro

1544 1522 1627 1580 ire
1647 1521 1708 1580 in
1735 1522 1919 1580 uitam
1989 1540 2085 1581 ser

1544 1632 1623 1674 ua
1650 1614 1928 1675 mandata
1948 1646 1961 1661 ·
2004 1614 2050 1648 ¹⁸
2069 1615 2206 1675 dicit

1542 1706 1621 1766 illi
1651 1725 1801 1785 quae
1861 1708 1963 1769 nis
1992 1714 2124 1769 aute

1544 1801 1687 1860 dixit
1708 1834 1721 1848 ·
1806 1819 1929 1862 non
1957 1804 2085 1862 occi

1543 1894 1682 1954 des·
1727 1911 1851 1953 non
1880 1896 2077 1955 adulte

1543 1988 1699 2047 rabis
1718 2020 1733 2035 ·
1776 2006 1899 2049 non
1927 1990 2105 2049 facies

1542 2080 1759 2141 furtum
1782 2111 1796 2127 ·
1840 2100 1963 2142 non
1990 2082 2068 2141 sal

1545 2193 1675 2235 sum
1702 2175 2032 2236 testimonifi

1544 2269 1703 2329 dices
1727 2299 1742 2316 ·
1798 2268 1841 2303 ²⁹
1864 2269 2115 2331 Honora

1542 2411 1769 2479 patrem
1798 2412 1856 2461 et
1884 2412 2139 2462 matre--

1542 2507 1601 2557 et
1630 2495 1832 2573 diliges
1860 2495 2180 2573 proximu·-

1541 2601 1706 2650 tuum
1735 2591 1881 2650 sicut
1910 2601 1965 2650 te

1538 2685 1735 2762 ipsum
1755 2714 1770 2731 ·
1833 2684 1880 2720 ²⁰
1902 2682 2062 2744 Dicit
2082 2684 2159 2742 illi

1540 2777 1885 2838 adulescens
1904 2809 1919 2824 ·
1961 2797 2062 2838 om
2126 2784 2135 2792 ’

1539 2871 1637 2930 nia
1662 2870 1811 2931 haec
1840 2871 2127 2931 custodiui

1540 2983 1577 3024 a
1604 2965 1899 3024 iuuentute
1928 2983 2060 3023 mea
2083 2995 2099 3010 ·

1540 3059 1682 3137 quid
1710 3057 1903 3118 adhuc
1931 3058 2075 3116 mihi

1540 3152 1703 3211 deest
1721 3181 1735 3198 ·
1798 3150 1843 3189 ²¹
1862 3151 1961 3210 Ait
1988 3152 2064 3210 illi
2092 3152 2181 3211 ihs

1540 3246 1589 3305 si
1615 3247 1705 3306 uis
1730 3245 2019 3322 perfectus

1539 3356 1666 3398 esse
1687 3370 1701 3386 ·
1744 3339 1898 3398 uade
1926 3356 2043 3397 uen

1540 3433 1615 3492 de
1642 3432 1844 3492 omnia
1872 3441 1971 3491 tua
2040 3441 2101 3492 et

1538 3526 1614 3586 da
1642 3527 1995 3604 pauperibus
2019 3557 2033 3573 ·

1536 3629 1595 3680 et
1622 3619 1862 3681 habebis
1892 3620 2063 3680 thens

1536 3733 1743 3774 aurum
1771 3715 1833 3773 in
1861 3715 2026 3776 caelo
2046 3745 2059 3762 ·

1536 3818 1596 3867 et
1622 3809 1757 3868 ueni
1785 3826 2027 3886 sequere
2055 3826 2150 3867 me
2169 3839 2183 3856 ·

1536 3898 1582 3936 ²²
1598 3902 1752 3961 Cum
1779 3901 2033 3962 audisset
2061 3906 2194 3961 aute

1536 3995 1880 4055 adulescens
1908 4012 2011 4054 uer

1539 4091 1680 4148 bum
1703 4120 1717 4135 ·
1760 4089 1899 4148 abiit
1926 4088 2099 4148 tristis

1537 4182 1841 4243 eratenim
1866 4179 2093 4243 habens

2359 602 2505 644 ones
2523 615 2537 631 ·
2581 581 2624 616 ²⁸
2642 583 2744 643 Ihs
2772 587 2906 643 aute

2358 676 2503 736 dixit
2531 676 2822 753 discipulis

2357 773 2477 830 suis
2499 802 2514 817 ·
2558 770 2752 831 Amen
2782 770 2842 830 di

2355 882 2430 924 co
2457 865 2626 924 uobis
2652 863 2813 940 quod

2354 957 2582 1017 difficile
2609 957 2772 1019 diues

2351 1051 2586 1110 intrabit
2612 1051 2674 1109 in
2706 1069 2811 1128 reg

2353 1162 2496 1203 num
2523 1144 2816 1204 caelorum
2835 1176 2852 1192 ·

2351 1234 2396 1270 ²⁴
2415 1238 2634 1297 Iterum
2663 1238 2795 1298 dico
2821 1256 2900 1299 uo

2350 1332 2443 1391 bis
2465 1362 2479 1378 ·
2529 1331 2784 1391 Facilius
2811 1342 2901 1392 est

2352 1425 2643 1486 camelum
2711 1444 2817 1503 per

2351 1519 2618 1579 foramen
2647 1538 2794 1596 agus

2350 1614 2591 1673 transire
2618 1632 2798 1691 quam

2353 1708 2592 1768 diuitem
2620 1708 2835 1767 intrare

2350 1801 2413 1860 in
2441 1819 2692 1879 regnum
2729 1800 2890 1861 caelo

2349 1914 2480 1954 rum
2503 1926 2517 1943 ·
2578 1892 2622 1928 ²⁵
2639 1895 2892 1954 Audtitis

2349 2000 2546 2048 autem
2573 1989 2662 2047 his
2689 1990 2836 2049 disci

2350 2082 2500 2159 pulis
2525 2084 2791 2142 miraban

2351 2185 2441 2235 tur
2468 2176 2639 2235 nimis
2667 2176 2834 2236 dicen

2349 2279 2438 2331 tes
2461 2301 2476 2317 ·
2519 2270 2650 2349 quis
2675 2288 2819 2346 ergo

2349 2412 2542 2479 potest
2570 2401 2776 2461 saluari
2799 2431 2813 2448 ·

3361 328 3528 394 [xm.
3547 333 3738 399 9-XX.
3762 346 3814 396 4.

3108 488 3364 549 hominis
3391 490 3452 549 in
3481 490 3617 551 sede

3109 584 3424 644 maiestatis
3451 602 3590 644 suae
3611 616 3628 633 ·

3111 676 3380 737 Sedibitis
3399 687 3458 737 et
3477 696 3587 739 uos

3110 787 3284 847 super
3309 770 3552 831 thronos

3109 863 3420 923 duodecim
3488 864 3608 925 iudi

3109 968 3310 1017 cantes
3336 957 3646 1018 duodecim

3106 1050 3286 1111 tribus
3313 1052 3418 1111 isi·
3481 1050 3527 1086 ”
3543 1052 3622 1112 Et
3649 1070 3752 1113 om

3105 1144 3196 1205 nis
3224 1146 3324 1223 qui
3349 1146 3564 1224 relique

3103 1240 3172 1297 rit
3200 1240 3412 1300 domos
3477 1240 3571 1301 uel

3105 1331 3306 1392 fratres
3323 1364 3338 1379 ·
3381 1334 3476 1393 uel
3505 1350 3640 1394 soro

3106 1444 3198 1485 res
3218 1456 3234 1473 ·
3277 1436 3377 1485 aut
3405 1437 3628 1505 patrem

3107 1532 3207 1579 aut
3234 1529 3480 1580 matrem
3502 1553 3518 1568 ·
3547 1531 3646 1581 aut

3107 1624 3336 1673 u¹0rem
3355 1646 3370 1661 ·
3414 1626 3514 1674 aut
3543 1615 3690 1675 filios
3709 1644 3724 1661 ·

3107 1719 3207 1767 aut
3235 1726 3411 1785 agros
3439 1727 3587 1787 prop

3105 1811 3192 1861 ter
3221 1821 3439 1862 nomen
3470 1821 3666 1862 meum
3689 1834 3704 1849 ·

3105 1896 3442 1972 centuplum
3469 1897 3656 1974 accipi

3104 2001 3162 2049 et
3181 2022 3196 2037 ·
3241 2001 3298 2050 et
3325 1991 3507 2049 uitam
3535 2001 3692 2051 aeter

3103 2102 3242 2142 nam
3271 2084 3588 2162 possidebit
3607 2116 3623 2131 ·

3103 2175 3148 2209 ⁸⁰
3171 2176 3340 2235 Multi
3367 2188 3562 2236 autem
3588 2188 3756 2237 erunt

3101 2271 3272 2347 primi
3299 2271 3600 2331 nouissimi

3098 2412 3158 2462 et
3179 2404 3479 2463 nouissimi
3495 2404 3664 2481 primi
3685 2436 3700 2451 ·
3721 2429 3806 2457 ‚e—

2347 2494 2660 2574 ”Aspiens
2689 2504 2884 2556 autem
2913 2494 3002 2558 ihs
3033 2529 3046 2545 ·
3099 2520 3182 2550 ο-
3221 2531 3303 2543 -
3345 2523 3428 2554 ω
3469 2533 3549 2544 -
3592 2524 3675 2555 ω

2347 2590 2491 2649 dixit
2518 2590 2627 2649 illis
2645 2621 2660 2636 ·
2705 2590 2862 2666 apud

2346 2683 2614 2744 homines
2638 2683 2878 2762 quidem

2344 2777 2457 2838 hoc
2486 2777 2823 2855 inpossibile

2342 2881 2430 2931 est
2449 2903 2464 2918 ·
2506 2872 2664 2949 apud
2693 2871 2794 2930 dm
2823 2891 2900 2932 au

2341 2975 2460 3024 tem
2487 2965 2687 3026 omnia
2714 2966 2871 3041 possi

2340 3058 2475 3119 bilia
2502 3070 2638 3118 sunt
2657 3091 2671 3106 ·
2699 3092 2710 3106 ·
2755 3056 2801 3093 ²⁷
2819 3059 2994 3120 Tunc

2340 3153 2702 3231 respondens
2730 3171 2804 3229 pe

2339 3255 2463 3305 trus
2491 3246 2635 3304 dixit
2665 3246 2756 3304 ei·
2798 3265 2941 3306 ecce

2312 3357 2451 3399 -nos
2479 3339 2812 3416 reliquimus

2339 3434 2539 3494 omnia
2567 3443 2626 3494 et
2655 3435 2839 3493 secuti

2339 3545 2540 3586 sumus
2570 3537 2623 3586 te
2697 3526 2840 3604 quid

2338 3639 2480 3699 ergo
2507 3622 2614 3681 erit
2641 3622 2812 3682 nobis
2834 3654 2849 3669 ·

2339 3715 2384 3750 ²⁸
2401 3714 2504 3775 nis
2531 3725 2728 3775 autem
2759 3716 2903 3776 dixit
2930 3716 2969 3776 il

2339 3809 2409 3868 lis
2433 3840 2446 3856 ·
2505 3828 2679 3869 amen
2710 3809 2843 3869 dico

2337 3903 2508 3963 uobis
2580 3903 2742 3982 quod
2769 3921 2880 3964 uos

2340 3997 2439 4074 qui
2467 3997 2646 4057 secuti
2675 3998 2812 4057 estis
2840 4015 2936 4057 me
2956 4029 2972 4047 ·

2339 4091 2412 4151 In
2439 4091 2874 4168 regeneratione

2341 4203 2477 4246 cum
2505 4185 2712 4246 sederit
2741 4185 2894 4246 filius

3049 2588 3083 2627 *
3101 2597 3206 2651 20.
3249 2591 3268 2625 ¹
3289 2591 3486 2652 Simile
3513 2603 3600 2652 est
3629 2595 3785 2652 enim

3049 2684 3080 2718 *
3099 2704 3346 2763 regnum
3375 2687 3673 2747 caelorum
3693 2719 3710 2736 ·

2991 2823 3004 2836 .
3045 2779 3080 2818 ³⁸¹
3099 2780 3322 2840 homini
3348 2780 3556 2858 patrifa

3045 2873 3080 2912 ³⁸¹
3101 2873 3288 2934 milias
3311 2905 3326 2920 ·
3372 2875 3471 2952 qui
3499 2875 3639 2936 exiit

3043 2968 3076 3006 ⁴²
3095 2969 3285 3045 primo
3312 2986 3488 3028 mane

3095 3062 3425 3122 conducere
3455 3082 3636 3141 opera

3094 3155 3212 3214 rios
3240 3156 3301 3213 in
3326 3156 3560 3216 uincam
3589 3175 3656 3216 su

3095 3267 3191 3308 am
3211 3280 3225 3295 ·
3267 3246 3583 3310 ’conuenit
3612 3269 3687 3310 au

3094 3354 3214 3401 tem
3243 3360 3380 3402 cum
3408 3344 3636 3420 operari

3093 3435 3143 3495 is
3173 3451 3248 3495 ex
3274 3434 3516 3498 denario

3093 3527 3306 3589 diurnu
3333 3541 3392 3589 et
3417 3532 3576 3591 misit

3093 3641 3198 3683 eos
3225 3623 3286 3682 in
3312 3623 3550 3684 uineam
3579 3635 3752 3686 sua--

3093 3717 3114 3749 ⁸
3131 3715 3206 3775 Et
3234 3735 3502 3794 egressus
3529 3719 3686 3780 circa

3090 3811 3316 3870 tertiam
3343 3810 3548 3871 horam
3569 3845 3582 3858 ·

3091 3904 3235 3964 uidit
3261 3904 3408 3963 alios
3435 3915 3657 3967 stantes

3091 3997 3152 4056 in
3180 3996 3308 4057 soro
3336 3999 3556 4060 otiosos
3577 4031 3593 4046 ·

3092 4092 3114 4124 ⁴
3131 4089 3208 4151 Et
3235 4092 3342 4151 illis
3368 4093 3512 4152 dixit
3593 4095 3670 4154 ite
3697 4105 3756 4156 et

3091 4203 3202 4247 uos
3227 4186 3290 4246 in
3317 4187 3551 4248 uincam
3570 4218 3584 4235 ·

3837 501 3978 549 rol.
4003 504 4110 551 51.
