4373 5048
620 368 731 417 XV.
751 367 996 429 213-le.
1021 363 1129 430 23·]
1883 340 2353 417 IOHANNE'·

3541 358 3629 443 65

304 527 433 578 1'01.
454 528 583 577 289.
624 528 750 588 odit
776 539 834 588 et
860 537 1083 606 patrem
1112 546 1207 587 me
1376 526 1497 585 dixi
1524 526 1695 586 uobis
1718 556 1733 573 ·
1776 525 1921 586 haec
2180 531 2282 601 sps
2309 524 2624 585 ueritatatis
2643 556 2659 572 ·
2929 526 3282 604 interrogare
3305 558 3322 579 ·
3609 528 3754 588 rol.
3767 537 3882 587 240
3895 538 3962 587 Β.

621 640 724 681 um
752 623 877 683 odit
896 654 909 669 ·
954 620 997 654 '⁴
1018 624 1067 680 si
1095 638 1277 699 opera
1374 630 1569 679 autem
1596 620 1767 681 uobis
1793 621 1912 680 abi

622 734 745 775 non
772 717 1037 777 fecissem
1068 717 1128 775 in
1158 717 1197 775 il
1373 714 1517 773 nitio
1546 733 1667 774 non
1696 715 1816 773 dixi
1844 711 1979 793 quia

619 810 689 868 lis
718 830 831 889 que
860 830 1036 872 nemo
1065 812 1211 871 alius
1370 808 1679 867 uobiscum
1705 828 1867 867 eram

620 902 757 963 fecit
824 916 1131 983 peccatum
1370 898 1393 934 ⁵
1415 900 1592 961 Nunc
1621 912 1815 962 autem
1842 903 1997 963 uado

622 1017 744 1059 non
771 999 1049 1059 haberent
1071 1030 1087 1048 ·
1370 995 1450 1054 ad
1476 1014 1611 1055 eum
1639 998 1739 1073 qui
1766 1014 1860 1057 me
1888 998 1971 1056 mi

623 1091 799 1153 Nunc
828 1104 1021 1153 autem
1047 1093 1294 1153 oderunt
1372 1090 1447 1148 sit
1468 1121 1482 1136 ·
1540 1090 1621 1149 Et
1648 1108 1826 1149 nemo
1854 1110 1927 1151 ex

620 1204 717 1245 me
745 1198 801 1246 et
828 1198 1040 1264 patrem
1066 1194 1203 1248 meii
1222 1220 1237 1235 ·
1371 1184 1543 1242 uobis
1570 1184 1887 1263 interrogat

618 1280 666 1314 ²⁵
684 1280 800 1341 Sed
826 1292 890 1341 ut
916 1281 1221 1359 impleatur
1371 1295 1465 1335 me
1494 1294 1614 1353 quo
1640 1277 1807 1338 uadis
1828 1311 1843 1326 ·

620 1375 864 1433 uerbum
890 1376 1049 1453 quod
1076 1378 1138 1435 in
1370 1371 1392 1403 ⁸
1417 1370 1531 1430 Sed
1553 1372 1691 1448 quia
1717 1371 1827 1432 hec
1854 1373 1989 1432 locu

622 1467 749 1545 lege
777 1468 1004 1529 illorum
1032 1467 1185 1547 scrip
1369 1473 1464 1523 tus
1492 1482 1623 1523 sum
1649 1467 1821 1525 uobis
1848 1468 1949 1526 tris

620 1572 747 1621 tum
774 1572 864 1622 est
924 1570 1067 1641 qiim
1097 1564 1213 1624 ode
1371 1560 1495 1618 titia
1520 1559 1762 1635 repleuit
1788 1580 1894 1621 cor

621 1668 755 1716 runt
781 1675 878 1717 me
906 1658 1085 1733 gratis
1104 1689 1121 1705 ·
1372 1664 1625 1712 uestrum
1650 1685 1663 1701 ·
1708 1654 1731 1687 '¹
1750 1655 1867 1715 Sed
1892 1675 1927 1716 e

621 1746 665 1783 ²⁸
682 1750 835 1810 Cum
863 1760 1057 1810 autem
1085 1748 1305 1813 uenerit
1374 1764 1455 1823 go
1482 1748 1781 1808 uen'tatem
1811 1750 1944 1811 dico

623 1844 943 1904 aduocatus
968 1864 1143 1923 quem
1373 1842 1542 1900 uobis
1565 1871 1580 1887 ·
1644 1844 1878 1919 expedit
1903 1862 1983 1904 uo

620 1957 734 2016 ego
760 1940 991 1998 mittam
1016 1941 1186 2000 uobis
1374 1935 1465 1993 bis
1492 1945 1556 1995 ut
1581 1954 1697 2013 ego
1724 1956 1857 1996 eam
1881 1970 1896 1986 ·
1958 1938 2019 1999 Si

623 2038 757 2109 sfim
784 2033 1039 2093 ueritatis
1062 2065 1079 2081 ·
1374 2040 1568 2089 autem
1596 2050 1710 2107 ego
1740 2051 1861 2091 non
1890 2034 1986 2093 abi

622 2127 723 2204 qui
751 2145 787 2186 a
814 2138 973 2203 patre
1002 2145 1183 2204 proce
1372 2142 1475 2183 ero
1514 2124 1831 2185 aduncatus

621 2219 707 2280 dit
772 2220 866 2279 ille
894 2222 1135 2281 testifica
1372 2236 1495 2278 non
1521 2219 1715 2278 ueniet
1742 2220 1817 2279 ad
1842 2238 1953 2280 uos

619 2314 768 2376 bitur
787 2315 859 2375 de
878 2332 972 2374 me
996 2346 1013 2365 ·
1052 2314 1097 2349 ²²
1112 2315 1191 2375 Et
1212 2334 1323 2377 uos
1375 2310 1439 2371 Si
1465 2322 1659 2373 autem
1686 2315 1849 2373 hiero
1878 2316 1986 2375 mit

1370 2452 1491 2501 tam
1518 2444 1679 2503 illum
1709 2444 1785 2504 ad
1813 2463 1923 2504 uos
1943 2477 1959 2492 ·

620 2540 767 2600 detis
794 2547 937 2616 qum
964 2543 1041 2600 ab
1068 2542 1149 2600 ini
1369 2538 1462 2598 ⁸et
1491 2557 1627 2599 cum
1654 2543 1875 2600 uenerit
1902 2541 1995 2600 ille

621 2635 704 2693 tio
732 2653 967 2695 mecum
994 2635 1175 2695 fixistis
1369 2644 1573 2709 arguet
1598 2634 1883 2693 mundum
1914 2635 1985 2696 de

618 2733 712 2788 16.
731 2727 1171 2789 ²Haeclocutus
1186 2747 1319 2790 sum
1368 2737 1612 2803 peccato
1678 2737 1736 2787 et
1765 2730 1838 2789 de
1865 2729 1997 2790 iusti

618 2823 790 2882 uobis
817 2832 883 2881 ut
909 2841 1031 2882 non
1060 2841 1204 2883 scan
1367 2821 1449 2879 tia
1515 2831 1573 2880 et
1602 2823 1673 2881 de
1700 2822 1916 2883 iudicio
1940 2855 1955 2871 ·

620 2916 945 2976 dalizemini
966 2948 981 2964 ·
1026 2915 1207 2994 'qum
1367 2912 1390 2946 ⁹
1410 2912 1502 2972 De
1530 2927 1773 2991 peccato
1800 2917 2037 2992 quidem

618 3009 679 3068 in
707 3028 1007 3087 synagoga
1034 3028 1145 3070 uos
1172 3011 1227 3071 ei
1369 3009 1507 3085 quia
1534 3027 1657 3068 non
1685 3009 1916 3070 credide

618 3105 772 3163 cient
793 3135 810 3151 ·
874 3103 991 3164 Sed
1018 3106 1153 3163 ueni
1366 3103 1751 3162 runtinme···
1776 3103 2057 3165 ¹⁰Deiusti

616 3208 674 3258 et
702 3198 847 3258 hora
872 3208 935 3257 ut
962 3201 1157 3258 omnis
1368 3195 1448 3254 tia
1470 3206 1663 3254 autem
1693 3203 1839 3273 qfim
1866 3199 1940 3257 ad

617 3293 717 3370 qui
744 3309 857 3352 uos
882 3294 1159 3353 occiderit
1180 3323 1197 3342 ·
1367 3299 1591 3365 patrem
1617 3309 1811 3350 meum
1840 3311 1919 3352 ua

618 3388 884 3446 aestimet
912 3405 976 3446 se
1006 3388 1154 3446 sacri
1367 3382 1447 3443 do
1474 3393 1531 3443 et
1559 3403 1679 3444 non
1709 3386 1979 3448 uidebitis

618 3479 817 3539 ficium
844 3481 1053 3540 offerre
1082 3482 1159 3542 (Ιὸ
1183 3514 1197 3529 ·
1214 3514 1301 3528 --
1368 3493 1465 3536 me
1488 3509 1503 3524 ·
1525 3511 1539 3526 ·
1566 3511 1579 3526 ·
1631 3477 1676 3510 ¹¹
1694 3477 1786 3538 De
1816 3481 2029 3542 iudicio

618 3572 737 3633 'Et
765 3573 873 3634 hec
902 3574 1123 3634 faciunt
1149 3580 1291 3652 qiim
1369 3581 1565 3632 autem
1594 3579 1736 3650 qt‘im
1764 3575 1894 3652 prin

622 3686 746 3728 non
774 3677 1179 3745 cognouerunt
1372 3684 1513 3744 ceps
1540 3666 1709 3726 huius
1737 3669 1941 3729 mundi

622 3771 849 3838 patrem
878 3780 1101 3839 nequae
1374 3761 1492 3820 iam
1522 3761 1809 3821 iudicatus
1836 3774 1963 3823 est·

626 3871 725 3913 me
746 3884 762 3902 ·
806 3854 829 3887 ⁴
847 3853 965 3913 Sed
991 3855 1137 3915 haec
1162 3855 1299 3916 locu
1372 3851 1640 3915 ¹¹Adhuc
1657 3856 1837 3916 multa
1858 3856 2049 3919 habeo

628 3957 721 4007 tus
748 3965 879 4006 sum
907 3950 1079 4008 uobis
1146 3959 1210 4009 ut
1376 3950 1547 4010 uobis
1577 3951 1769 4010 dicere
1788 3982 1803 3997 ·
1868 3951 1973 4012 sed

629 4059 767 4100 cum
795 4043 1018 4101 uenerit
1045 4042 1191 4102 hora
1380 4062 1503 4102 non
1530 4044 1776 4120 potestis
1804 4063 1915 4122 por

628 4135 857 4195 illorum
882 4136 1135 4197 memine
1380 4147 1501 4198 tare
1530 4137 1713 4197 modo
1736 4170 1751 4185 ·
1796 4139 1840 4172 ¹⁸
1857 4158 1995 4199 cum

628 4229 752 4289 ritis
776 4261 791 4277 ·
850 4235 993 4310 qum
1020 4249 1135 4308 ego
1381 4241 1577 4292 autem
1602 4233 1824 4294 uenerit
1850 4232 1945 4294 ille

618 2446 1015 2505 testimonium
1043 2446 1144 2506 red

2180 619 2387 695 diriget
2413 637 2520 679 uos
2549 620 2609 677 in
2637 638 2738 680 om

2178 731 2314 771 nem
2341 715 2644 773 ueritatem
2669 744 2685 760 ·

2176 824 2299 865 non
2324 808 2484 866 enim
2513 808 2687 884 loque

2175 909 2270 959 tur
2295 902 2371 960 ab
2399 920 2460 960 se
2485 932 2500 949 ·
2565 900 2682 963 Sed
2709 897 2782 981 (ᾗ

2172 1012 2424 1073 cumque
2465 996 2632 1055 audie

2172 1088 2245 1145 rit
2272 1106 2342 1147 ea
2367 1088 2624 1165 loquitur
2645 1120 2660 1136 ·

2173 1180 2256 1238 Et
2281 1192 2524 1242 uentura
2550 1183 2752 1242 adnun

2173 1274 2339 1333 tiabit
2362 1277 2533 1334 uobis
2555 1308 2570 1321 ·
2615 1278 2658 1309 ¹⁴
2675 1278 2767 1336 ille

2172 1386 2270 1426 me
2290 1368 2614 1430 honorifica

2173 1462 2258 1520 bit
2327 1464 2462 1540 quia
2491 1464 2562 1523 de
2593 1482 2728 1524 meo

2173 1557 2422 1633 accipiet
2488 1569 2547 1618 et
2572 1560 2650 1619 ad

2173 1650 2459 1710 nuntiabit
2483 1654 2654 1711 uobis
2677 1685 2692 1701 ·

2174 1741 2220 1775 ²⁶
2243 1742 2465 1803 Omnia
2487 1764 2777 1823 quaecum

2174 1855 2290 1915 que
2323 1838 2498 1899 habet
2524 1851 2688 1917 pater

2174 1948 2310 1990 mea
2337 1944 2471 1993 sunt
2492 1965 2507 1980 ·
2527 1966 2542 1981 ·
2603 1954 2754 2014 prop

2174 2033 2335 2085 terea
2361 2027 2475 2087 hoc
2504 2028 2624 2087 dixi
2652 2047 2732 2089 uo

2175 2120 2266 2177 bis
2285 2152 2298 2166 ·
2323 2122 2460 2197 quia
2489 2123 2560 2182 de
2589 2143 2724 2185 meo

2176 2214 2424 2290 accipiet
2454 2226 2514 2275 et
2541 2218 2740 2278 adnun

2174 2307 2342 2367 tiabit
2367 2311 2534 2369 uobis
2553 2336 2635 2365 „a

2128 2434 2157 2468 *
2182 2435 2228 2471 ¹⁶
2243 2438 2523 2501 Pusillum
2549 2441 2743 2504 adhuc

2125 2528 2156 2563 *
2181 2542 2240 2592 et
2262 2552 2383 2594 non
2409 2537 2677 2599 uidebitis
2703 2559 2798 2600 me

2124 2625 2154 2658 ¹¹
2178 2637 2238 2686 et
2257 2628 2462 2688 iterum
2489 2635 2638 2708 pusil

2168 2722 2292 2780 ium
2321 2733 2379 2782 et
2405 2725 2675 2786 uidebitis
2702 2747 2797 2789 me
2829 2761 2846 2780 ·

2170 2822 2314 2892 qum
2340 2818 2495 2878 uado
2525 2822 2601 2881 ad
2621 2833 2854 2899 patre--

2170 2909 2215 2944 ²⁷
2233 2911 2523 2973 Dixerunt
2543 2934 2688 2993 ergo
2715 2937 2788 2977 ex

2172 3004 2469 3082 discipulis
2499 3010 2622 3068 eius
2645 3011 2708 3068 in

2168 3107 2258 3158 tra
2285 3117 2350 3159 se
2371 3131 2386 3147 ·
2451 3102 2592 3179 quid
2619 3115 2706 3164 est
2734 3104 2852 3166 hoc

2169 3195 2331 3269 quod
2360 3194 2512 3254 dicet
2541 3199 2712 3257 nobis
2741 3219 2824 3276 pu

2171 3289 2364 3348 sillum
2391 3299 2448 3348 et
2476 3309 2598 3350 non
2627 3294 2762 3353 uide

2168 3383 2304 3442 bitis
2331 3403 2426 3443 me
2454 3395 2513 3445 et
2537 3387 2744 3447 iterum

2171 3478 2446 3554 pusillum
2474 3491 2533 3540 et
2559 3482 2692 3542 uide

2171 3573 2306 3632 bitis
2335 3591 2430 3631 me
2483 3575 2563 3634 Et
2589 3582 2732 3653 qum
2758 3595 2836 3637 ua

2175 3666 2254 3725 do
2281 3667 2356 3725 ad
2383 3679 2608 3744 patrem
2628 3702 2643 3718 ·

2175 3759 2220 3794 ¹⁸
2238 3761 2528 3822 Dicebant
2553 3782 2697 3841 ergo
2713 3764 2855 3843 quid

2177 3865 2267 3914 est
2292 3855 2408 3914 hoc
2438 3857 2600 3934 quod
2630 3858 2768 3918 dicit

2178 3949 2455 4026 pusillum
2484 3951 2775 4013 nescimus

2179 4043 2322 4120 quid
2347 4042 2600 4120 loquitur
2618 4077 2635 4093 ·
2655 4077 2670 4093 ·

2927 630 2988 680 et
3015 622 3158 681 dixit
3185 622 3269 682 eis
3289 654 3304 671 ·
3363 622 3437 683 de
3465 623 3580 685 hoc

2928 716 3200 791 quaeritis
3227 717 3303 775 ad
3331 716 3453 775 inui

2927 826 3060 867 cem
3089 810 3226 885 quia
3256 811 3374 868 dixi
3395 843 3410 859 ·

2924 901 3196 978 pusillum
3222 913 3282 961 et
3307 922 3429 965 non

2925 994 3195 1054 uidebitis
3221 1015 3316 1057 me
3340 1029 3355 1045 ·
3418 1010 3475 1058 et
3503 999 3522 1057 i

2925 1097 3112 1147 terum
3141 1091 3413 1167 pusillum

2925 1190 2983 1241 et
3009 1182 3278 1243 uidebitis
3306 1204 3399 1245 me
3423 1218 3439 1235 ·

2923 1273 3177 1335 ”Amen
3205 1296 3380 1340 amen
3409 1280 3544 1342 dico

2921 1370 3090 1429 uobis
3112 1402 3127 1417 ·
3189 1373 3326 1449 quia
3351 1392 3462 1433 uos

2923 1462 3133 1523 flebitis
3159 1476 3217 1524 et
3245 1467 3456 1544 plange

2921 1557 3057 1617 bitis
3081 1589 3096 1605 ·
3139 1561 3394 1619 mundus

2925 1661 3122 1711 autem
3149 1655 3464 1731 gaudebit·

2927 1742 3055 1804 Uos
3085 1748 3261 1807 tristis
3287 1750 3443 1808 eritis
3468 1781 3482 1797 ·

2927 1839 3032 1898 sed
3059 1841 3280 1901 tristitia
3305 1854 3500 1903 uestra

2927 1933 2988 1991 in
3015 1934 3294 2010 gaudium
3319 1938 3513 1998 ueniet
3531 1969 3547 1987 ·

2923 2024 2967 2058 ²²
2988 2026 3202 2088 Mulier
3228 2048 3362 2089 cum
3391 2042 3560 2109 partu

2925 2122 2998 2181 rit
3025 2123 3310 2183 tristitiam
3339 2126 3416 2184 ha

2925 2216 3026 2274 bet
3053 2222 3196 2293 qiim
3221 2220 3382 2277 uenit
3409 2219 3488 2280 ho

2926 2328 2992 2368 ra
3017 2310 3142 2369 eius
3165 2343 3182 2359 ·
3255 2312 3410 2373 Cum
3436 2331 3513 2374 au

2925 2449 3046 2501 tem
3074 2443 3298 2519 peperit
3323 2444 3486 2503 insan

2928 2545 3048 2595 tem
3076 2555 3198 2596 non
3225 2548 3313 2597 est
3340 2551 3560 2600 mem⁰r

2931 2629 3151 2690 doloris
3179 2643 3418 2708 propter

2925 2724 3202 2801 gaudium
3258 2727 3395 2802 quia
3422 2745 3506 2786 na

2925 2827 3016 2876 tus
3043 2828 3132 2878 est
3153 2818 3335 2879 homo
3365 2821 3426 2880 in
3454 2821 3570 2884 hoc

2923 2913 3149 2971 mundo
3175 2943 3188 2959 ·
3231 2911 3368 2972 ”Et
3393 2933 3508 2974 uos

2922 3024 3065 3082 ergo
3095 3025 3251 3066 nunc
3270 3009 3446 3084 quide

2921 3099 3209 3160 tristitiam
3236 3101 3394 3162 habe

2922 3195 2995 3253 tis
3018 3224 3033 3241 ·
3096 3193 3316 3254 Iterum
3344 3203 3482 3257 aute

2920 3288 3136 3348 uidebo
3163 3307 3274 3349 uos
3302 3301 3361 3350 et
3385 3310 3506 3369 gau

2923 3381 3087 3441 debit
3113 3401 3213 3442 cor
3243 3391 3436 3444 uestrii
3459 3416 3473 3432 ·

2924 3475 3003 3534 Et
3029 3495 3206 3537 nemo
3235 3479 3420 3538 aufert
3446 3497 3564 3556 gau

2927 3569 3088 3630 dium
3115 3582 3375 3631 uestrum

2927 3681 2964 3722 a
2984 3664 3157 3722 uobis
3181 3695 3194 3710 ·
3238 3663 3282 3698 Β
3304 3665 3384 3726 Et
3409 3667 3472 3726 in
3502 3665 3602 3728 illa

2927 3757 3021 3816 die
3049 3775 3146 3817 me
3174 3759 3316 3819 nihil
3342 3761 3494 3820 inter

2927 3853 3208 3928 rogabitis
3229 3884 3243 3900 ·
3268 3885 3283 3900 ·
3304 3885 3317 3902 ·
3380 3855 3580 3914 Amen

2927 3963 3102 4004 amen
3130 3947 3265 4007 dico
3293 3949 3467 4009 uobis

2927 4041 2976 4099 si
3004 4041 3144 4118 quid
3170 4043 3446 4120 petien’tis

2176 4137 2224 4171 ¹⁹
2241 4138 2537 4216 Cognouit
2563 4150 2758 4199 autem
2787 4142 2878 4202 ihs
2925 4144 3152 4212 patrem
3183 4137 3242 4194 in
3271 4137 3518 4198 nomine

2176 4238 2322 4311 qum
2349 4233 2626 4295 uolebant
2647 4234 2798 4295 illu-

2927 4247 3064 4290 meo
3093 4229 3254 4290 dabit
3279 4232 3450 4291 uobis

3261 4357 3301 4399 x
