4373 5048
780 324 863 393 70

437 632 563 683 ποι,
585 632 718 681 248.
776 606 1037 668 sabbati·
1100 623 1320 684 rogaue

776 713 914 762 runt
940 701 1181 779 pilatum
1208 710 1274 759 ut

776 815 943 856 crura
968 796 1199 854 illorum

774 888 1174 967 frangerentur
1200 899 1259 947 et

776 983 1115 1043 tollerentur
1136 1014 1151 1029 ·
1210 979 1256 1016 ⁸²
1271 980 1366 1041 Ue

777 1089 989 1137 nerunt
1016 1095 1159 1153 ergo
1186 1077 1287 1136 mli

778 1182 867 1231 tes
926 1181 986 1231 et
1013 1172 1189 1248 priori
1217 1170 1319 1249 qui

778 1266 915 1325 dem
946 1264 1239 1343 fregerunt

672 1360 686 1369 '
778 1378 945 1419 crura
972 1368 1031 1419 et
1057 1360 1218 1419 alteri

776 1454 1036 1515 similiter
1103 1455 1203 1530 qui
1232 1454 1278 1513 si

776 1548 902 1607 mul
928 1548 1187 1607 crucifixi
1214 1547 1277 1605 su

780 1650 945 1702 erant
972 1659 1108 1702 cum
1135 1642 1232 1700 illo
1257 1672 1271 1687 ·

776 1734 821 1769 ⁸³
840 1736 994 1796 Cum
1022 1746 1219 1795 autem
1248 1734 1417 1794 uenis

780 1840 912 1890 sent
938 1829 1016 1911 ad
1044 1829 1165 1888 ihm
1234 1828 1312 1887 Et
1338 1829 1399 1887 ui

782 1925 1005 1984 dissent
1033 1924 1171 2001 quia
1196 1941 1329 1982 mor

779 2028 914 2077 tuus
943 2027 1064 2076 erat
1112 2035 1237 2075 non

781 2110 1075 2188 fregerunt
1103 2111 1155 2170 ei
1184 2128 1287 2171 cru

780 2222 846 2263 ra
864 2236 879 2251 ·
944 2204 989 2237 ⁸⁴
1009 2203 1126 2263 Sed
1152 2221 1305 2263 unus
1330 2221 1407 2262 ex

781 2298 992 2358 milites
1018 2297 1207 2358 lancia
1234 2316 1340 2357 sua

779 2392 931 2452 latus
961 2392 1083 2452 eius
1108 2393 1387 2468 percusssit

781 2535 843 2585 et
869 2523 1153 2604 perfodit·
1204 2537 1261 2586 et
1285 2545 1401 2586 con

780 2623 945 2680 tinuo
971 2621 1150 2680 exiuit
1178 2622 1415 2698 sanguis

783 2725 842 2776 et
858 2733 1043 2794 aqua·
1074 2714 1203 2775 ³⁶Et
1221 2715 1320 2793 qui
1336 2716 1484 2777 uidit

783 2821 843 2870 et
869 2811 1205 2870 testificatus
1234 2820 1358 2869 est·

782 2913 841 2965 et
869 2922 1075 2964 uerum
1104 2913 1192 2963 est
1218 2903 1351 2963 testi

781 2998 1047 3057 monium
1076 2999 1200 3056 eius
1224 3029 1239 3045 ·
1298 2995 1377 3056 Et

782 3092 909 3169 ipse
938 3092 1051 3152 scit
1077 3092 1215 3168 quia
1240 3096 1383 3150 uerfi

786 3186 927 3245 dicit
948 3216 963 3231 ·
1027 3195 1093 3243 ut
1118 3194 1175 3243 et
1202 3202 1312 3243 uos
1340 3203 1437 3243 cre

787 3278 936 3339 datis
960 3309 975 3325 ·
1002 3310 1014 3326 ·
1043 3309 1057 3324 ·
1108 3277 1151 3310 ⁸⁶
1171 3277 1316 3337 Fata
1350 3286 1486 3336 sunt

784 3374 943 3434 enim
972 3373 1117 3432 haec
1143 3381 1207 3431 ut
1232 3373 1385 3450 scrip

786 3480 914 3528 tura
940 3467 1273 3544 impleretur

788 3581 939 3641 quae
968 3561 1106 3620 dicit
1126 3592 1141 3607 ·
1204 3577 1407 3620 ossum

788 3659 913 3716 eius
941 3673 1064 3715 non
1092 3655 1391 3714 comminu

788 3760 917 3811 etur
940 3782 955 3797 ·
1015 3749 1060 3783 ³⁷
1080 3759 1137 3809 et
1164 3751 1371 3808 iterum

790 3845 904 3905 alia
930 3845 1211 3922 scriptura
1242 3845 1379 3903 dicit
1397 3875 1412 3890 ·

788 3940 1059 3998 uiderunt
1086 3940 1147 3996 in
1175 3956 1351 4016 quem

793 4043 1201 4110 conpuxerunt
1221 4064 1237 4078 ·

2024 351 2029 359 -
2083 308 2458 373 SECUND
2474 338 2491 355 ·

1531 450 1685 503 lectio
1720 451 1769 501 in
1804 451 2077 503 domeneca
2111 452 2163 502 in

1592 530 1757 596 prima
1788 546 1941 595 pasca

1527 616 1604 675 ab
1632 615 1937 674 arimathia
1965 616 2065 693 qui

1528 709 1715 768 fuerat
1750 710 2066 785 discipulus

1526 802 1626 861 ihu
1646 834 1660 849 ·
1721 804 2050 863 absconsus

1526 906 1720 961 autem
1748 906 1985 975 propter

1525 991 1799 1050 timorem
1828 992 2107 1051 iudaeoril
2132 1022 2147 1037 ·

1528 1094 1593 1142 ut
1619 1084 1842 1143 tolleret
1877 1102 2095 1161 corpus

1530 1178 1627 1236 ihu
1652 1208 1667 1224 ·
1726 1187 1784 1236 et
1808 1179 2069 1255 permisit

1530 1272 1743 1350 pilatus
1765 1304 1779 1319 ·
1843 1272 2003 1331 uenit
2031 1290 2094 1331 er

1532 1384 1613 1442 go
1642 1376 1700 1425 et
1728 1366 1854 1424 tulit
1883 1383 2053 1425 corus

1532 1459 1635 1517 ihu
1656 1490 1671 1505 ·
1732 1459 1777 1493 ⁸⁹
1794 1458 1973 1519 Uenit
2001 1463 2133 1519 aute

1531 1562 1589 1613 et
1617 1552 1962 1612 nicodemus
1990 1555 2089 1631 qui

1530 1658 1769 1707 uenerat
1797 1647 1871 1707 ad
1900 1646 2021 1705 ihm

1530 1752 1705 1800 nocte
1776 1750 1835 1800 et
1863 1743 2021 1817 prius

1532 1833 1803 1894 auferens
1830 1836 2015 1893 mixtu

1530 1947 1596 1988 ra
1628 1947 1823 1989 murra
1850 1937 1907 1987 et
1935 1928 2095 1988 aloes
2117 1960 2132 1975 ·

1532 2023 1735 2099 ponda
1761 2023 1985 2082 circiter

1533 2116 1697 2193 quasi
1725 2127 1960 2175 centum
1980 2147 1995 2163 ·

1534 2208 1579 2242 ⁴⁰
1598 2209 1962 2270 Sustulerunt
1989 2227 2130 2286 ergo

1534 2321 1746 2381 corpus
1772 2303 1873 2362 ihu
1894 2334 1909 2349 ·
1968 2313 2027 2362 et
2058 2304 2152 2363 alli

1532 2408 1817 2475 gauerunt
1844 2396 2004 2456 illum

1532 2529 1595 2588 in
1622 2529 2035 2588 lintiaminibus
2054 2561 2068 2576 ·

1534 2641 1670 2682 cum
1700 2624 2051 2683 aromatibus
2074 2653 2089 2669 ·

1535 2718 1682 2778 sicut
1712 2728 1799 2776 est
1825 2727 2111 2777 consuetu

1536 2812 1687 2871 dinis
1714 2811 1936 2870 iudaeis
1965 2829 2103 2888 sepe

1535 2905 1638 2965 lire
1662 2937 1677 2952 ·
1738 2903 1781 2938 ⁴¹
1798 2905 1941 2964 Erat
1968 2916 2165 2964 autem

1536 2999 1597 3058 in
1624 2998 1722 3057 illo
1752 2999 1887 3058 loco
1942 2999 2043 3057 ubi
2069 3017 2174 3057 cru

1535 3092 1737 3152 cifixus
1766 3102 1889 3152 erat
1913 3092 2024 3150 hor

1534 3197 1627 3246 tus
1688 3197 1747 3244 et
1773 3187 1833 3245 in
1862 3186 2098 3244 hortum

1536 3288 1983 3339 monumentum
2011 3298 2092 3338 no

1536 3392 1679 3432 uum
1738 3374 1799 3430 in
1828 3391 1948 3450 quo
1978 3391 2155 3432 nemo

1537 3467 1763 3545 positus
1792 3465 1979 3524 fuerat
2001 3497 2016 3513 ·

1538 3559 1583 3594 ⁴²
1600 3560 1689 3618 Ibi
1718 3576 1862 3637 ergo
1890 3571 2129 3636 propter
2161 3579 2239 3638 pa

1537 3673 1817 3714 rasceuen
1844 3654 2053 3713 iudaeo

1536 3767 1666 3808 rum
1696 3758 2016 3826 posuerunt
2042 3747 2164 3806 ihm

1536 3844 1672 3922 quia
1698 3861 1883 3919 prope
1912 3851 2036 3900 erat

1540 3942 1927 3997 monumentfi
1950 3962 2033 3989 ω

1500 4033 1665 4092 *2Ο.1
1676 4031 1869 4089 Prima
1890 4040 2089 4088 autem
2118 4030 2222 4088 sab

792 4127 1134 4188 ³‘’Posthaec
1146 4138 1340 4186 autem
1350 4125 1657 4205 roga*bati
1681 4157 1695 4172 ·
1725 4125 1907 4183 maria
1934 4141 2074 4199 mag

791 4225 877 4283 uit
905 4222 1145 4300 pilatum
1215 4222 1393 4298 quida
1496 4219 1775 4278 *dalenae
1805 4249 1818 4263 ·
1850 4219 2013 4276 uenit

791 4318 1027 4378 nomine
1055 4315 1261 4393 ioseph

1534 4330 1708 4372 mane
1736 4329 1871 4371 cum
1900 4310 2091 4372 adhuc

2329 612 2603 670 tenebrae
2632 620 2826 669 essent
2853 608 2930 669 ad

2332 714 2782 764 monumentum
2803 735 2818 750 ·

2331 808 2392 857 et
2419 798 2564 857 uidit
2592 798 2847 875 lapidem

2331 902 2621 952 remotum
2649 910 2684 951 a
2710 910 2894 951 monu

2331 996 2534 1045 mento
2558 1018 2572 1033 ·
2636 984 2659 1017 ²
2675 1005 2852 1046 cucur

2333 1080 2403 1138 rit
2431 1098 2574 1156 ergo
2603 1087 2661 1139 et
2687 1082 2849 1140 uenit

2333 1174 2408 1233 ad
2437 1174 2724 1233 simonem
2753 1194 2830 1252 pe

2332 1276 2484 1326 trum
2541 1278 2600 1327 et
2627 1268 2702 1326 ad
2729 1270 2908 1329 alium

2333 1360 2680 1439 discipulum
2709 1368 2824 1439 que

2333 1455 2568 1515 amabat
2595 1455 2684 1514 ihs
2708 1486 2722 1502 ·
2782 1466 2841 1515 et
2868 1456 2946 1515 ait

2333 1548 2441 1607 illis
2461 1578 2476 1594 ·
2519 1549 2771 1608 tulerunt

2335 1642 2478 1701 dfim
2507 1642 2580 1702 de
2609 1660 2934 1703 monumen

2334 1746 2396 1794 to
2422 1767 2436 1782 ·
2495 1745 2552 1796 et
2579 1738 2872 1797 nescimus

2333 1830 2431 1887 ubi
2461 1842 2783 1907 posuerunt

2333 1941 2472 1982 eum
2495 1953 2508 1968 ·
2569 1924 2590 1956 ³
2607 1924 2804 1986 Exiuit
2832 1944 2973 2004 ergo

2333 2027 2533 2095 petrus
2561 2028 2620 2077 et
2647 2020 2792 2079 alius

2336 2112 2650 2190 discipulus
2669 2146 2682 2160 ·
2744 2124 2800 2174 et
2827 2133 2902 2175 ue

2338 2217 2548 2266 nerunt
2577 2209 2652 2267 ad
2683 2227 2868 2268 monu

2336 2310 2600 2360 mentum
2620 2333 2634 2348 ·
2699 2302 2722 2335 ⁴
2739 2320 2904 2363 curre

2335 2395 2478 2454 bant
2505 2414 2648 2473 ergo
2677 2399 2856 2457 ambo

2338 2528 2550 2605 pariter
2569 2559 2583 2575 ·
2655 2529 2750 2588 ille
2780 2529 2922 2590 alter

2338 2621 2652 2699 discipulus
2682 2641 2787 2699 pre

2337 2717 2514 2775 currit
2536 2717 2796 2776 uelocius

2338 2820 2506 2886 petro
2575 2821 2633 2870 et
2660 2813 2820 2871 uenit
2847 2813 2936 2890 pri

2338 2921 2408 2962 or
2436 2903 2511 2962 ad
2541 2912 2926 2965 monumentfi
2947 2938 2961 2953 ·

2339 2995 2362 3030 ⁶
2382 3007 2441 3056 et
2468 2999 2831 3075 prospiciens
2849 3032 2863 3047 ·
2893 3002 2954 3060 ui

2339 3089 2422 3150 dit
2448 3091 2770 3151 lintiamina
2796 3096 2925 3170 posi

2339 3195 2400 3244 ta
2468 3204 2590 3244 non
2619 3195 2816 3246 tamen
2845 3189 2997 3248 intro

2341 3279 2403 3338 iit
2427 3311 2440 3326 ·
2500 3281 2521 3312 ⁶
2538 3278 2722 3339 Uenit
2748 3299 2890 3358 ergo

2327 3365 2532 3433 ⁸simon
2561 3385 2759 3450 petrus
2789 3393 2852 3436 se

2340 3486 2524 3546 quens
2548 3469 2708 3527 illum
2727 3501 2742 3516 ·
2801 3471 2880 3530 Et

2341 3563 2598 3621 introiuit
2626 3565 2684 3621 in
2714 3583 2896 3624 monu

2341 3667 2604 3715 mentum
2634 3687 2649 3703 ·
2706 3655 2787 3716 Ut
2818 3659 2878 3716 ui

2341 3751 2426 3810 dit
2452 3751 2771 3809 lintiamina
2799 3755 2930 3828 posi

2341 3854 2401 3904 ta
2436 3844 2458 3877 ⁷
2477 3854 2534 3903 et
2561 3844 2854 3904 sudarium

2342 3938 2503 4016 quod
2532 3937 2716 3998 suerat
2743 3958 2917 4016 super

2338 4033 2530 4110 capud
2559 4034 2740 4110 ipsius
2823 4053 2946 4094 non

2337 4145 2472 4186 cum
2501 4128 2912 4188 lintiaminibus

2337 4223 2594 4298 positum
2677 4221 2782 4281 sed
2811 4223 2901 4280 sin

2335 4315 2606 4390 gulan‘ter
2632 4314 2894 4375 inuolutii

3265 312 3431 377 [xlx.
3459 315 3683 379 31-XX.
3711 326 3791 380 15.

3081 605 3139 664 in
3167 622 3348 663 unum
3375 603 3574 665 locum
3591 636 3606 651 ·

3081 701 3102 734 ⁸
3121 699 3297 759 Tunc
3324 718 3466 777 ergo
3497 699 3667 759 introi

3083 796 3168 854 uit
3195 804 3254 853 et
3281 794 3427 853 alius
3455 795 3600 855 disci

3081 889 3255 966 pulus
3282 891 3380 967 qui
3408 908 3560 950 uene

3083 992 3171 1042 rat
3197 983 3359 1060 prior
3385 984 3459 1043 ad
3486 996 3659 1043 m0nu

3081 1088 3347 1136 mentum
3371 1110 3384 1125 ·
3446 1088 3504 1137 et
3531 1079 3676 1137 uidit

3082 1180 3142 1229 et
3168 1170 3411 1230 credidit
3430 1203 3444 1218 ·
3502 1172 3523 1205 ⁹
3541 1190 3664 1236 nQn

3083 1262 3226 1322 dum
3253 1264 3412 1323 enim
3441 1265 3660 1325 sciebat

3081 1358 3425 1433 scripturam
3453 1359 3614 1435 quod

3083 1461 3315 1527 oportet
3342 1452 3502 1511 illum
3529 1472 3566 1512 a

3085 1546 3328 1603 mortuis
3357 1564 3595 1623 resurge

3083 1656 3146 1697 re
3171 1670 3185 1683 -
3231 1638 3274 1671 ¹⁰
3291 1639 3576 1699 Abierunt

3083 1751 3228 1810 ergo
3253 1734 3460 1792 iterum
3491 1735 3648 1811 apud

3085 1845 3148 1886 se
3178 1828 3440 1905 discipuli
3465 1860 3479 1875 ·
3543 1829 3585 1863 ¹¹
3604 1830 3790 1890 maria
3855 1829 3867 1839 ”

3085 1932 3280 1979 autem
3309 1924 3496 1981 stabat
3521 1923 3598 1982 ad

3087 2026 3536 2076 monumentum

3086 2108 3326 2185 plorans
3355 2109 3496 2169 foris
3522 2121 3582 2170 et

3086 2202 3229 2261 dum
3257 2204 3517 2263 lacrimat
3539 2230 3566 2250 ··

3089 2299 3390 2374 prospexit
3417 2300 3478 2357 in
3508 2316 3693 2359 monn

3087 2404 3352 2451 mentum
3393 2390 3439 2427 ¹²
3452 2404 3512 2453 et
3537 2394 3684 2455 uidit

3088 2522 3241 2583 duos
3269 2524 3510 2602 angelos
3536 2527 3599 2585 in
3627 2524 3684 2585 al

3089 2619 3178 2678 bis
3207 2620 3475 2680 sedentes
3498 2651 3513 2667 ·
3575 2627 3700 2680 unu

3089 2713 3164 2773 ad
3193 2716 3386 2790 capud
3447 2725 3505 2774 et
3531 2715 3709 2775 alium

3089 2806 3166 2864 ad
3195 2809 3378 2883 pedes
3405 2810 3507 2868 ubi
3533 2811 3665 2886 posi

3089 2909 3214 2959 tum
3240 2900 3428 2963 fuerat
3455 2922 3669 2981 corpus

3091 2995 3190 3054 ihu
3209 3027 3223 3042 ·
3268 2996 3312 3030 ¹⁸
3332 3006 3391 3056 et
3419 2997 3623 3058 dicunt
3649 2999 3728 3058 illi
3747 3029 3761 3047 ·

3091 3090 3297 3148 mulier
3322 3092 3461 3167 quid
3487 3093 3683 3168 ploras
3707 3124 3722 3139 ·

3091 3203 3241 3262 quae
3273 3184 3418 3244 dixit
3498 3192 3642 3264 qiim
3672 3205 3773 3247 sus

3091 3278 3343 3337 tulerunt
3372 3278 3515 3338 dfim
3542 3286 3682 3340 meu
3701 3312 3718 3327 ·

3091 3382 3149 3431 et
3176 3374 3378 3433 nescio
3405 3375 3503 3432 ubi
3533 3374 3682 3435 illu-

3089 3477 3412 3543 posuerunt
3429 3500 3444 3515 ·
3503 3466 3548 3502 ²⁴
3566 3469 3738 3530 Haec

3093 3579 3227 3620 cum
3257 3562 3497 3622 dixisset
3523 3582 3640 3624 con

3093 3672 3262 3714 uersa
3287 3666 3376 3715 est
3398 3668 3553 3717 retro
3574 3690 3588 3705 ·
3614 3690 3629 3705 ·

3094 3759 3151 3808 et
3164 3750 3318 3809 uidit
3346 3751 3468 3811 ihm
3497 3763 3736 3813 stante*
3757 3784 3773 3802 ·

3094 3854 3152 3903 et
3179 3847 3476 3905 nesciebat
3503 3849 3667 3925 quod

3095 3937 3185 3997 ihs
3213 3948 3366 3998 esset
3387 3973 3402 3986 ·
3463 3939 3508 3975 ¹⁸
3529 3943 3667 4001 dicit
3693 3943 3735 4002 il

3093 4031 3132 4090 li
3163 4032 3250 4092 ihs
3331 4035 3537 4093 mulier
3563 4036 3706 4112 quid

3091 4127 3285 4204 ploras
3307 4161 3320 4174 ·
3366 4148 3543 4206 quem
3570 4150 3687 4208 que

3091 4223 3168 4281 ris
3191 4253 3205 4269 ·
3267 4222 3363 4282 illa
3388 4235 3606 4300 putans
3633 4235 3759 4285 eu*

3089 4313 3458 4377 hortulanum
3487 4337 3617 4378 esse

3808 606 3940 655 Fol.
3965 604 4099 654 240.
