4373 5048
649 376 788 431 xv1.
819 377 1089 429 16-xv11.
1112 375 1190 445 9.]

339 556 470 605 ποι.
492 559 613 608 185.
651 558 724 599 ex
755 551 896 601 tunc
922 559 1172 618 regnum

652 636 712 695 di
739 636 1168 714 euangelizatur
1191 668 1206 683 ·

647 739 707 788 et
734 748 944 790 omnes
971 730 1110 790 illud
1139 740 1200 791 ui

647 823 868 884 faciunt
893 854 908 872 ·
934 856 948 872 ·
974 858 988 871 ·
1018 823 1062 859 ¹⁷
1081 824 1333 887 Facilius

644 928 842 977 autem
871 920 1098 980 caelum
1127 931 1186 981 et

641 1022 856 1073 terram
877 1016 1085 1091 preteri

643 1124 706 1166 re
733 1126 912 1185 quam
941 1108 1014 1169 de
1043 1110 1174 1187 lege

550 1200 560 1207 ’
642 1219 825 1260 unum
853 1204 1082 1279 apicem
1111 1222 1180 1263 ca

641 1294 778 1354 dere
800 1326 815 1343 ·
878 1296 923 1329 ¹⁸
945 1296 1158 1359 Omnis
1183 1299 1284 1377 qui

641 1388 872 1449 dimittit
897 1410 1144 1453 uxorem

642 1492 700 1542 et
727 1484 885 1545 ducit
911 1485 1150 1547 alteram

643 1578 981 1639 moechatur
1003 1612 1018 1627 ·
1079 1582 1161 1641 Et

639 1672 740 1749 qui
768 1673 1065 1735 dimissam
1093 1694 1130 1735 a
1155 1677 1217 1737 ui

637 1783 706 1826 ro
736 1764 893 1827 ducit
920 1769 1168 1831 moecha

717 1886 800 1913 ses
821 1870 912 1921 tur
930 1888 1013 1916 ω

578 1949 608 1983 *
633 1950 678 1985 ¹⁹
699 1952 905 2014 Homo
931 1957 1171 2033 quidam

578 2044 608 2078 *
632 2058 756 2107 erat
782 2048 946 2109 diues
972 2052 1072 2130 qui

576 2138 607 2174 ¹⁸¹
631 2142 907 2204 induebat
934 2163 1124 2223 purpu

628 2254 756 2295 ram
785 2248 842 2297 et
868 2240 1108 2314 byssum

623 2340 682 2389 et
707 2332 1083 2410 aepulabatur

625 2464 862 2523 cottidie
884 2466 1189 2543 splendide
1209 2498 1224 2515 ·

621 2552 668 2590 ²⁰
683 2558 826 2618 Erat
859 2571 1054 2620 autem
1086 2563 1326 2640 quidam

621 2653 928 2714 mendicus
957 2658 1121 2715 nomi

623 2762 700 2804 ne
728 2746 950 2807 lazarus
978 2751 1078 2827 qui
1105 2752 1162 2810 ia

619 2840 786 2900 cebat
815 2841 892 2900 ad
919 2842 1154 2904 ianuam

617 2933 742 2992 eius
809 2935 1099 2996 ulceribus

618 3027 827 3103 plenus
906 3029 950 3064 ¹¹
973 3033 1218 3109 cupiens

617 3123 855 3182 saturari
881 3142 955 3182 ex
983 3124 1075 3185 his

615 3233 768 3292 quae
798 3218 1086 3279 cadebant
1103 3251 1118 3268 ·
1184 3221 1261 3282 de

615 3325 821 3370 mensa
852 3309 1040 3374 diuitis
1066 3345 1080 3361 ·

617 3403 722 3462 sed
749 3413 808 3462 et
835 3423 1012 3466 canes
1041 3410 1178 3468 ueni

616 3497 790 3557 ebant
817 3510 875 3558 et
902 3499 1100 3577 lingue

614 3591 755 3650 bant
779 3594 1004 3656 ulceras
1033 3598 1158 3656 eius
1183 3626 1198 3644 ·

612 3681 656 3714 ²²
673 3683 919 3746 Factum
948 3701 1034 3748 est
1063 3697 1196 3752 aute

613 3791 678 3841 ut
704 3793 1020 3843 moreretur
1048 3785 1106 3844 la

612 3895 776 3936 zarus
805 3878 1108 3938 mendicus
1132 3909 1146 3925 ·

613 3980 670 4029 et
697 3981 1020 4048 portaretur
1047 3973 1123 4031 ab

611 4066 834 4142 angelis
859 4067 923 4125 in
950 4067 1112 4128 sinus

608 4159 858 4220 abrahae
877 4191 892 4206 ·
935 4177 1066 4219 mor

607 4262 740 4314 tuus
766 4263 856 4314 est
882 4263 1076 4314 autem

1977 368 2332 433 LUCAN-

1406 552 1464 602 et
1489 542 1653 603 diues
1741 551 1800 603 et
1829 544 1996 621 sepul

1403 647 1495 697 tus
1523 646 1610 697 est
1638 638 1698 697 in
1727 638 1876 698 inser

1401 748 1482 791 no
1502 762 1516 776 ·
1581 728 1900 793 ”Eleuans
1927 749 2044 793 ocu

1400 824 1488 884 los
1517 842 1654 885 suos
1681 844 1816 886 cum
1845 843 1910 887 es

1399 928 1486 977 set
1513 918 1574 977 in
1602 919 1904 980 tormentis
1923 951 1938 965 ·

1399 1010 1562 1071 Uidit
1589 1014 1867 1075 abraham
1893 1032 1931 1073 a

1394 1106 1573 1183 longe
1651 1116 1710 1167 et
1734 1107 1928 1169 lazarii

1397 1199 1458 1258 in
1488 1202 1620 1259 sinu
1648 1202 1773 1261 eius
1799 1203 1962 1280 requi

1394 1304 1691 1353 escentem
1714 1326 1729 1341 ·
1757 1328 1770 1342 ·
1842 1294 1885 1329 '¹
1902 1296 1978 1357 Et

1393 1389 1510 1465 ips<³
1535 1387 1796 1449 clamans

1393 1482 1538 1543 dixit
1560 1518 1574 1532 ·
1639 1494 1804 1561 pater

1391 1578 1671 1637 abraham
1704 1579 1852 1638 mise

1389 1688 1516 1731 rere
1544 1674 1662 1733 mei
1732 1674 1810 1732 Et
1837 1674 1945 1733 mit

1388 1773 1446 1823 te
1475 1766 1666 1827 lazum
1692 1776 1756 1825 ut
1782 1768 1926 1827 intin

1388 1870 1528 1935 guat
1555 1871 1880 1920 extremum

1387 1952 1549 2030 digiti
1580 1955 1668 2015 sui
1695 1954 1755 2014 in
1784 1960 1938 2033 aqua

1385 2058 1443 2105 et
1470 2047 1766 2126 refrigeret
1793 2049 1874 2108 lin

1379 2160 1557 2217 guam
1583 2161 1778 2203 meam
1801 2175 1817 2189 ·
1881 2144 2017 2222 quia

1380 2238 1604 2295 crucior
1631 2237 1692 2295 in
1720 2235 1872 2297 hanc

1379 2328 1619 2389 flamma
1639 2360 1653 2377 ·
1697 2328 1824 2390 ”Et
1839 2332 1982 2391 dixit
2001 2331 2076 2391 illi

1381 2460 1639 2521 abrahan
1659 2494 1673 2509 ·
1735 2462 1813 2522 fili
1834 2496 1846 2510 ·
1905 2481 1969 2523 re

1376 2557 1619 2617 cordare
1701 2560 1838 2635 quia
1864 2578 1926 2619 re

1379 2653 1579 2729 cepisti
1608 2653 1770 2712 bona
1796 2654 1856 2712 in
1885 2654 2007 2714 uita

1375 2754 1474 2804 tua
1501 2757 1559 2805 et
1586 2745 1810 2806 lazarus
1841 2748 1892 2807 si

1372 2838 1581 2899 militer
1608 2841 1760 2900 mala
1783 2872 1797 2889 ·
1861 2859 2020 2902 nunc

1371 2943 1566 2992 autem
1594 2934 1690 2995 hic
1719 2953 1906 2996 conso

1366 3025 1515 3088 latur
1593 3037 1655 3086 tu
1683 3046 1827 3087 uero

1372 3122 1676 3182 cruciaris·
1739 3119 1875 3181 “Et
1904 3122 1966 3182 in

1367 3215 1642 3274 omnibus
1681 3215 1828 3274 inter

1368 3326 1479 3368 nos
1507 3319 1565 3369 et
1592 3327 1700 3369 uos
1727 3309 1908 3370 chaos

1370 3418 1620 3479 magnus
1647 3399 1930 3463 stabilitus

1369 3507 1459 3556 est
1480 3526 1495 3543 ·
1558 3508 1622 3556 ut
1644 3497 1703 3556 hi
1731 3499 1830 3575 qui
1857 3515 1930 3558 ue

1365 3592 1532 3649 niunt
1560 3590 1675 3650 huc
1695 3601 1822 3650 tran

1367 3686 1477 3743 sire
1505 3703 1628 3744 non
1655 3692 1923 3762 possunt·

1365 3797 1556 3856 neque
1577 3779 1714 3837 inde
1743 3777 1859 3837 huc

1363 3882 1718 3932 transmeare
1743 3903 1757 3918 ·

1363 3963 1408 3999 ²⁷
1424 3966 1587 4026 Dixit
1615 3977 1810 4026 autem
1837 3983 1989 4042 rogo

1359 4079 1504 4139 ergo
1531 4071 1590 4121 te
1618 4069 1782 4138 pater
1807 4069 1873 4120 ut

1359 4156 1556 4215 mittas
1583 4153 1744 4214 illum
1772 4154 1833 4213 in

1362 4249 1543 4309 domo
1573 4249 1750 4327 patris
1778 4247 1895 4308 mei

2206 544 2252 579 ²⁸
2272 542 2487 605 Habeo
2514 546 2672 604 enim
2700 546 2843 623 quin

2207 656 2324 716 que
2353 636 2553 698 fratres
2622 648 2687 697 ut

2206 741 2443 791 testetur
2475 731 2585 791 illis

2206 843 2283 884 ne
2310 834 2369 885 et
2396 825 2508 903 ipsi
2534 826 2775 887 ueniant

2203 919 2265 979 in
2292 918 2491 979 locum
2518 920 2673 980 hunc

2202 1022 2625 1073 tormentorum

2203 1103 2249 1139 ⁸⁹
2266 1105 2343 1165 Et
2359 1108 2439 1166 ait
2464 1107 2543 1167 illi
2565 1108 2846 1169 abraham
2868 1140 2882 1157 ·

2201 1199 2421 1260 habent
2447 1220 2713 1278 moysem

2199 1304 2259 1352 et
2286 1295 2540 1371 profetas
2559 1327 2574 1342 ·
2638 1314 2715 1356 au

2200 1388 2361 1448 diant
2390 1389 2518 1450 illos
2542 1420 2556 1437 ·
2619 1388 2665 1423 ⁸⁰
2680 1401 2738 1451 at

2198 1482 2291 1540 ille
2321 1481 2463 1541 dixit
2485 1514 2501 1530 ·
2564 1502 2689 1544 non
2718 1515 2733 1532 ·

2198 1587 2362 1653 pater
2388 1577 2663 1637 abraham

2196 1670 2301 1729 sed
2330 1672 2377 1730 si
2405 1673 2531 1749 qui⁸
2557 1691 2631 1731 ex
2660 1692 2793 1733 mor

2192 1764 2307 1823 tuis
2334 1783 2631 1827 resurrexe

2192 1859 2263 1917 rit
2290 1861 2664 1936 persuadebit

2190 1952 2299 2011 illis
2317 1984 2333 1999 ·
2392 1952 2433 1985 ⁸¹
2451 1955 2529 2013 ait
2555 1964 2753 2014 autem

2188 2045 2305 2105 illi·
2353 2046 2399 2105 si
2430 2066 2697 2125 moysem
2725 2057 2784 2109 et

2185 2140 2443 2226 profetas
2472 2160 2595 2201 non
2622 2162 2698 2202 au

2182 2233 2350 2295 diunt
2430 2254 2623 2314 neque
2654 2237 2703 2297 si

2179 2329 2311 2407 quis
2339 2348 2413 2388 ex
2442 2331 2681 2391 mortuis
2704 2362 2719 2379 ·

2179 2459 2256 2519 ad
2285 2459 2413 2519 illos
2442 2461 2647 2521 abierit

2179 2555 2418 2615 credent
2436 2585 2451 2602 ·
2471 2587 2485 2602 ·
2508 2587 2523 2602 ·
2554 2562 2649 2618 1¹7.
2678 2555 2699 2589 ¹
2716 2557 2883 2618 Dixit

2177 2659 2378 2708 autem
2404 2649 2481 2708 ad
2508 2649 2737 2728 discipu

2177 2741 2269 2803 los
2298 2760 2436 2802 suos
2492 2744 2717 2821 inpossi

2176 2836 2292 2895 bile
2319 2846 2408 2898 est
2480 2849 2545 2897 ut
2574 2857 2697 2898 non
2723 2857 2798 2899 ue

2177 2931 2301 2990 niat
2328 2933 2609 2992 scandala

2173 3036 2577 3086 uerumtamen
2604 3045 2715 3087 uae

2173 3118 2253 3176 illi
2280 3137 2385 3195 per
2410 3138 2588 3198 quem
2615 3123 2753 3180 ueni

2173 3222 2231 3271 et
2250 3243 2265 3258 ·
2328 3211 2350 3243 ²
2364 3215 2557 3272 utilius
2584 3221 2717 3275 aute

2170 3316 2261 3365 est
2286 3306 2365 3366 illi
2392 3325 2468 3366 ne
2495 3327 2738 3369 nascere

2171 3409 2263 3459 tur
2287 3432 2301 3447 ·
2361 3411 2463 3461 aut
2491 3402 2639 3479 lapis
2666 3421 2769 3464 mo

2170 3494 2305 3554 laris
2334 3495 2649 3572 inponatur

2169 3588 2325 3649 circa
2354 3589 2569 3648 collum
2598 3590 2747 3652 illius

2167 3692 2227 3740 et
2256 3682 2565 3758 proiciatur
2593 3685 2655 3742 in

2164 3793 2326 3836 mare
2412 3795 2591 3855 quam
2612 3787 2676 3837 ut

2165 3869 2517 3931 scandalizet
2542 3879 2665 3931 unii

2166 3965 2239 4024 de
2268 3965 2489 4042 pusillis
2516 3967 2638 4025 istis
2658 4003 2701 4016 -

2164 4058 2188 4091 ⁸
2206 4059 2519 4120 Adtendite
2548 4061 2718 4120 uobis

2166 4153 2216 4212 si
2246 4164 2441 4213 autem
2469 4173 2726 4231 peccaue

2165 4248 2239 4307 rit
2264 4249 2327 4308 in
2354 4259 2412 4310 te
2442 4249 2616 4310 frater
2644 4259 2778 4311 tuus

3582 394 3663 458 99

2963 546 3203 625 increpa
3230 547 3393 610 illum
3425 582 3437 596 ·
3494 562 3552 611 et

2961 641 3010 698 si
3036 641 3416 718 penitentiam
3443 644 3519 705 ha

2958 733 3148 794 buerit
3211 735 3433 797 dimitte
3462 738 3500 797 il

2957 827 2998 886 li
3023 858 3037 874 ·
3104 828 3201 889 ‘et
3230 831 3279 889 si
3309 832 3525 909 septies
3553 835 3614 893 in

2958 920 3053 982 die
3081 927 3412 1000 peccauerit
3438 927 3498 985 in

2957 1024 3014 1075 te
3096 1026 3155 1077 et
3182 1020 3439 1096 septiens
3466 1040 3585 1081 con

2953 1125 3157 1169 uersus
3186 1112 3354 1173 fuerit
3380 1114 3459 1175 ad

2954 1210 3011 1261 te
3092 1203 3293 1265 dicens
3322 1210 3541 1284 penitet

2952 1312 3051 1355 me
3132 1298 3351 1361 dimitte
3379 1302 3459 1362 illi
3480 1332 3495 1349 ·

2950 1387 2973 1420 ⁸
2989 1388 3066 1449 Et
3094 1390 3362 1453 dixerunt
3388 1394 3467 1455 illi
3496 1414 3533 1457 a

2947 1485 3163 1559 postoli
3187 1517 3201 1531 ·
3266 1487 3383 1547 dne
3410 1488 3489 1547 ad

2950 1594 3099 1655 auge
3128 1582 3301 1640 nobis
3329 1581 3507 1642 fidem
3530 1614 3545 1631 ·

2949 1670 3062 1730 ‘Et
3091 1673 3235 1733 dixit
3268 1675 3375 1735 illis
3466 1674 3516 1737 ai
3543 1678 3622 1739 ha

2945 1766 3180 1826 bueritis
3208 1768 3387 1828 fidem

2944 1860 3092 1918 sicut
3120 1880 3369 1938 granum
3393 1864 3445 1924 si

2944 1954 3115 2030 napis
3182 1955 3451 2019 diceretis

2944 2044 3077 2106 huic
3104 2051 3295 2111 arbori
3324 2070 3425 2112 mo

2940 2158 3008 2199 ro
3076 2143 3372 2205 eradicare

2939 2244 2997 2293 et
3026 2238 3447 2315 transplantare

2933 2327 2995 2386 in
3022 2348 3181 2390 mare
3264 2335 3461 2413 utique

2933 2460 3269 2523 obaudisset
3296 2467 3467 2528 uobis
3486 2498 3501 2515 ·

2932 2554 2955 2586 ⁷
2973 2556 3123 2628 Quis
3150 2568 3347 2618 autem
3376 2569 3571 2624 uestri]

2931 2647 3155 2710 habens
3185 2670 3421 2714 seruum

2932 2753 3196 2804 arantem
3214 2777 3229 2792 ·
3282 2756 3383 2806 aut
3410 2767 3556 2812 oues

2930 2847 3269 2912 pascentem
3339 2842 3432 2901 cui

2930 2931 3277 3006 regredienti
3306 2935 3381 2995 de
3408 2955 3446 2996 a

2928 3043 3037 3101 gro
3108 3025 3263 3086 dicet
3290 3029 3369 3086 illi
3397 3031 3579 3092 transi

2926 3121 3205 3178 recumbe
3226 3151 3243 3167 ·
3310 3121 3334 3156 ⁸
3358 3121 3476 3184 Sed

2926 3209 3081 3272 dicet
3106 3212 3186 3270 illi
3213 3231 3356 3291 para
3382 3217 3523 3276 mihi

2926 3306 3091 3382 quod
3119 3325 3364 3368 caenem
3386 3341 3402 3358 ·
3472 3312 3551 3372 Et

2926 3401 3203 3478 precinge
3232 3412 3285 3462 te
3315 3413 3374 3464 et
3400 3406 3485 3464 mi

2928 3493 3105 3552 nistra
3134 3495 3275 3554 mihi
3305 3497 3499 3560 donec

2926 3587 3283 3648 manducem
3310 3601 3369 3650 et
3398 3593 3458 3654 bi
3582 3591 3587 3596 ’

2925 3681 3063 3740 bam
3133 3693 3189 3742 et
3216 3696 3351 3760 post
3378 3686 3525 3748 haec

2923 3783 2986 3831 tu
3012 3775 3392 3840 manducabis

2922 3877 2981 3926 et
3008 3869 3173 3930 bibes
3220 3872 3241 3905 ⁹
3259 3876 3545 3955 numquid

2920 3963 3165 4038 gratiam
3192 3965 3368 4029 habet

2920 4071 3125 4118 seruus
3154 4061 3313 4138 quod
3341 4063 3397 4124 fe

2920 4149 2998 4208 cit
3029 4170 3180 4229 quae
3208 4156 3315 4215 sibi
3342 4159 3501 4237 impe

2917 4254 3041 4305 rata
3062 4259 3197 4308 sunt
3216 4280 3230 4296 ·
3280 4269 3404 4312 non
3422 4264 3570 4330 puto

3230 4401 3331 4444 02

3688 565 3811 615 1¹01.
3834 568 3959 617 180.
