4373 5048
906 427 1130 492 xxxiv
1891 424 2003 486 IN
2009 421 2124 484 TR
2135 423 2256 486 OD
2264 424 2379 488 UC
2386 424 2489 484 TI
2487 424 2631 486 ON.

901 597 1143 660 Selected
1162 597 1431 672 readings
1457 595 1580 656 and
1588 596 1921 674 rendering:
1938 597 2000 654 in
2021 595 2215 657 which
2316 593 2559 658 Selected
2577 595 2847 672 readings
2862 595 2985 654 and
3004 595 3333 672 rendert'ngs
3352 596 3415 654 in
3430 593 3618 654 which

1151 695 1242 773 fq
1266 695 1437 775 ἀξίη·
1438 694 1618 774 from
1645 693 1776 756 each
1798 695 1972 754 other.
2560 693 2591 754 f
2652 714 2693 774 q
2746 711 2848 754 are
2913 693 3122 771 agreed
3167 696 3404 771 agathes!
3464 695 3617 754 other

902 791 1062 873 John
1088 794 1126 852 i.
2561 790 2871 871 Eurqoean
2900 800 3067 854 texts.

2358 1005 2451 1048 21.
2494 989 2994 1066 interrog-auctum
3020 1007 3155 1049 eum
3162 988 3231 1067 f
3240 1005 3275 1065 q
3299 987 3435 1048 Am.

2639 1087 2741 1146 int.
2768 1105 2904 1146 eum
2946 1097 3002 1152 4-
3042 1087 3250 1146 iterum
3275 1104 3330 1145 a.
3353 1125 3371 1135 -

2943 1195 2999 1252 4-
3018 1185 3227 1244 iterum
3247 1183 3505 1245 dicentes
3520 1183 3553 1242 b
3574 1203 3617 1241 e.

2360 1301 2453 1342 22.
2501 1282 2771 1342 dixerunt
2798 1299 2943 1360 ergo
2971 1281 3023 1342 ei
3030 1283 3099 1362 s
3107 1303 3143 1359 q
3170 1283 3305 1342 Am.

2636 1389 2694 1440 et
2722 1379 2834 1440 dix.
2864 1379 2918 1439 ei
2945 1379 3040 1441 dic
3066 1399 3211 1458 ergo
3237 1400 3293 1439 a.

2636 1487 2695 1538 et
2722 1477 2839 1538 dix.
2869 1477 2965 1539 dic
2995 1495 3140 1556 ergo
3169 1477 3343 1540 nobis
3372 1477 3405 1534 b
3432 1477 3507 1554 cs:
3535 1495 3576 1535 e.

943 1603 1038 1660 23.
1083 1583 1163 1644 ait
1189 1603 1224 1660 q
1253 1585 1404 1658 Am„
1435 1585 1648 1664 quibus
1675 1585 1756 1645 ait
1783 1585 1832 1644 b.
2356 1595 2448 1652 23-
2491 1576 2826 1654 paratesq·

1055 1713 1092 1744 ο
1227 1683 1327 1762 qui
1357 1683 1656 1762 respondit
1683 1703 1738 1758 a,
1769 1683 2070 1762 respondit
2075 1683 2144 1762 f
2632 1674 2855 1752 dirigite
2882 1693 2920 1734 a
2947 1675 2980 1735 b
3006 1694 3035 1734 e
3060 1674 3193 1733 Am.

1227 1791 1286 1840 et
1314 1781 1457 1840 dixit
1483 1802 1525 1839 e.

946 1899 1038 1950 24.
1079 1879 1240 1938 missi
1270 1890 1432 1938 erant
1459 1899 1497 1938 a
1523 1899 1551 1938 e
1577 1897 1628 1955 q.

1227 1977 1388 2037 missi
1415 1976 1643 2038 fuerant
1671 1977 1779 2056 bf
1791 1977 1922 2038 Am.

950 2076 1045 2134 26.
1087 2091 1204 2152 ego
1232 2074 1472 2152 quidem
1499 2073 1533 2134 b
1557 2095 1610 2152 q.
2358 2083 2447 2140 26.
2476 2079 2779 2158 nescitis]
2789 2099 2839 2157 q.

1225 2190 1343 2250 ego
1369 2171 1497 2253 (om.
1525 2171 1791 2252 quidem)
1818 2193 1857 2233 a
1883 2192 1911 2232 e
1913 2175 1982 2254 s
1992 2173 2125 2234 Am.
2634 2197 2755 2239 non
2784 2178 2941 2238 scitis
2966 2197 2994 2236 e
3028 2177 3155 2237 Am.

1168 2271 1230 2330 in
1256 2271 1576 2348 penitentia
1597 2292 1638 2331 a
1665 2267 1840 2353 (-am)
1867 2291 1922 2348 q.
2634 2277 2911 2355 ignoratis
2937 2296 2974 2335 a
3002 2275 3051 2336 b.

1233 2370 1590 2446 penitentiae
1618 2370 1669 2430 b.

1225 2487 1330 2528 om.
1357 2489 1384 2528 e
1385 2469 1454 2547 f
1463 2468 1598 2529 Am.

948 2580 1042 2641 27.
1085 2566 1600 2628 calciamentorum
1627 2588 1656 2627 e
1681 2587 1732 2644 q.

1229 2665 1592 2725 calciamenti
1619 2685 1657 2724 a
1691 2665 1796 2743 bs
1807 2664 1941 2723 Am.

946 2780 1040 2836 29.
1081 2772 1315 2839 postera
1343 2762 1438 2822 die
1465 2762 1500 2822 b
1526 2782 1563 2840 q
1593 2758 1741 2844 [and
1759 2781 1820 2821 so
1847 2780 1900 2821 v.
1933 2760 2053 2841 35.)

1227 2861 1406 2921 altera
1431 2860 1524 2921 die
1551 2879 1593 2919 a
1596 2861 1664 2941 f
1674 2861 1808 2920 Am.

1225 2957 1338 3017 alia
1358 2957 1452 3018 die
1479 2977 1522 3017 e.

1165 3056 1309 3115 uidit
1335 3076 1373 3115 a
1399 3074 1452 3132 q.

1227 3154 1372 3213 uidit
1401 3153 1698 3214 Iohannes
1725 3155 1759 3214 b
1779 3171 1807 3211 e
1808 3155 1877 3232 s
1889 3155 2024 3214 Am.

1169 3252 1316 3311 dixit
1341 3270 1392 3328 q.

1225 3350 1304 3409 ait
1329 3368 1368 3408 a
1395 3348 1429 3409 b
1454 3349 1553 3427 ef
1564 3348 1694 3409 Am.

945 3465 1041 3523 3¹·
1085 3445 1219 3507 ideo
1251 3468 1289 3507 a
1315 3467 1352 3524 9
2356 3467 2450 3524 3ι.
2493 3447 2946 3527 nesciebaqu
2970 3448 3108 3509 Am.

1225 3555 1462 3623 propter
1490 3543 1603 3605 hoc
1631 3545 1680 3605 b.
2635 3547 2984 3625 ignorabam
3010 3566 3051 3607 a
3076 3547 3110 3608 b
3135 3567 3178 3606 e.

1224 3653 1532 3721 propterea
1557 3643 1654 3723 es
1664 3642 1799 3703 Am.

942 3760 1036 3817 32.
1077 3751 1316 3802 testatus
1343 3751 1430 3801 est
1455 3759 1483 3799 e
1508 3759 1560 3816 9.
2355 3762 2450 3819 32.
2484 3742 2937 3803 descendentem
2963 3743 3133 3821 quasi
3160 3742 3495 3805 columbam
3497 3745 3567 3825 f
3576 3764 3612 3822 9

1227 3838 1560 3900 testificatus
1589 3848 1676 3899 est
1702 3839 1751 3897 b.
2710 3836 2845 3897 Am.
3452 3850 3461 3857 ·

1224 3936 1624 3996 testimonium
1643 3935 1933 4015 perhibuit
1954 3957 1992 3996 a
1997 3937 2066 4016 f
2070 3938 2123 3997 A
2131 3956 2204 3996 m.
2630 3946 2932 4013 tamquam
2961 3932 3294 3995 columbam
3324 3935 3481 3995 desc.
3508 3954 3547 3995 a

2634 4034 2781 4093 sicut
2806 4032 3142 4093 columbam
3170 4033 3323 4093 desc.
3349 4033 3398 4092 b.

940 4151 1035 4208 33.
1078 4132 1423 4211 ignorabam
1449 4152 1488 4191 a
1515 4132 1548 4193 b
1575 4152 1604 4191 e
1628 4152 1665 4210 9
1697 4131 1802 4213 (cjfi
1831 4152 1920 4193 vv·
1954 4134 2050 4208 26,
2081 4132 2203 4213 31).
2630 4141 2696 4192 ut
2728 4132 3066 4192 columbam
3094 4130 3149 4191 d.
3178 4151 3223 4191 e.

1163 4230 1496 4291 nesciebam
1502 4233 1573 4309 f
1574 4231 1628 4290 A
1639 4250 1710 4293 m.
