4373 5048
775 370 896 436 108
997 444 1004 451 ⁶
2137 368 2377 433 SECD
2398 398 2417 418 ·
3172 376 3367 442 [xxu.
3388 380 3696 444 47-xx111.
3726 388 3779 444 7.

475 554 599 603 τοι.
623 555 746 605 158.
771 556 863 607 tur
889 546 1054 606 iudas
1135 562 1286 605 unus
1316 563 1390 605 ex
1516 545 1575 604 in
1605 544 1850 605 domum
1881 545 2011 622 prin
2312 544 2650 623 priusquam
2677 542 2863 620 gallus
3066 542 3461 602 testimonium
3489 544 3551 620 ip
3798 542 3922 593 1'01.
3944 540 4076 591 154-

772 642 1084 703 duodecim
1115 652 1317 699 antece
1515 640 1661 718 cipis
1689 640 1996 701 sacerdotii
2017 674 2032 691 ·
2313 648 2511 699 cantet
2541 647 2627 697 ter
2656 657 2749 697 me
2780 656 2932 713 nega
3066 638 3115 696 si
3143 638 3301 696 enim
3330 638 3655 697 audiuimus

770 736 948 795 debat
975 754 1077 794 eos
1100 766 1115 781 ·
1179 734 1260 793 Et
1285 734 1471 811 adpro
1514 732 1719 793 Petrus
1739 752 1879 795 uero
1907 753 1970 794 se
2313 734 2399 792 bis
2424 764 2437 779 ·
2497 730 2632 791 ”Et
2652 732 2851 791 exiens
2877 731 3017 791 foris
3066 731 3139 789 de
3166 750 3268 790 ore
3296 732 3474 808 ipsius
3497 764 3512 777 ·
3534 764 3619 775 ——

767 830 936 907 pians
963 829 1062 887 ihu
1089 829 1290 889 oscula
1514 828 1800 905 quebatur
1825 847 1960 887 eum
2312 838 2508 905 petrus
2536 826 2693 886 fleuit
2721 844 2855 886 ama
3067 831 3169 885 23.
3199 823 3298 883 ¹Et
3308 844 3595 903 exurgens
3613 828 3805 887 omnis

767 924 814 982 ri
841 941 976 983 eum
1003 953 1016 969 ·
1080 923 1124 955 ⁴⁸
1141 922 1283 981 dixit
1311 926 1443 981 aute
1514 940 1550 981 a
1578 922 1750 999 longe
1773 955 1786 969 ·
1809 954 1824 969 ·
1889 923 1934 955 ³³
1953 922 2156 983 Accen
2352 946 2436 973 m
2462 922 2718 980 tissimae
2738 946 2821 969 w-
3068 919 3379 979 multitudo
3408 920 3577 979 illorfi
3595 952 3609 967 ·

767 1016 846 1076 illi
874 1016 964 1076 ihs
987 1047 1002 1063 ·
1065 1016 1198 1075 iuda
1225 1034 1369 1075 oscu
1514 1033 1583 1074 so
1617 1026 1814 1076 autem
1842 1017 1962 1092 igni
1989 1018 2051 1075 in
2265 1012 2294 1045 ¹⁸
2316 1014 2357 1047 ⁸³
2374 1012 2451 1073 Et
2478 1015 2584 1073 uiri
2610 1014 2711 1091 qui
2745 1014 3021 1073 tenebant
3071 1014 3359 1073 duxerunt
3386 1032 3523 1073 eum

765 1109 888 1169 lum
917 1110 1096 1169 filium
1125 1109 1286 1168 homi
1513 1110 1710 1169 medio
1747 1112 1894 1169 atrio
1975 1110 2053 1170 Et
2266 1106 2295 1139 ¹⁸²
2316 1109 2437 1168 ihm
2466 1108 2801 1167 inludebant
3072 1107 3147 1167 ad
3176 1107 3417 1185 pilatum
3440 1138 3455 1155 ·
3514 1105 3538 1139 ⁸
3556 1108 3683 1169 Coe

769 1205 858 1263 nis
887 1204 1063 1263 tradis
1087 1236 1102 1251 ·
1166 1204 1212 1238 ⁴⁹
1229 1204 1390 1281 quod
1513 1221 1650 1262 cum
1679 1204 1960 1263 circumse
2265 1201 2294 1234 *
2314 1220 2451 1261 eum
2473 1234 2487 1249 ·
2532 1204 2577 1235 ⁸⁴
2592 1202 2672 1260 Et
2688 1201 3021 1261 uelauerunt
3072 1213 3281 1279 perunt
3308 1212 3505 1262 autem

769 1315 904 1357 cum
931 1298 1200 1357 uiderunt
1226 1297 1286 1357 hi
1513 1296 1780 1356 dentibus
1810 1297 1950 1357 sede
2312 1296 2517 1356 faciem
2545 1297 2667 1355 eius
2686 1327 2699 1342 ·
2764 1304 2823 1354 et
2850 1313 2955 1373 per
3070 1313 3343 1356 accusare
3371 1296 3530 1354 illum

766 1392 866 1471 qui
893 1392 1048 1451 circa
1075 1393 1264 1470 ipsum
1291 1411 1325 1450 e
1511 1391 1611 1449 bat
1638 1400 1696 1450 et
1723 1400 1918 1469 petrus
2313 1391 2608 1450 cutiebant
2636 1407 2770 1448 eum
2800 1389 2861 1448 di
3070 1390 3329 1449 dicentes
3354 1422 3367 1435 ·
3395 1422 3408 1436 ·
3472 1390 3655 1449 Hunc

763 1497 894 1546 rant
921 1486 1191 1545 dixerunt
1511 1484 1572 1541 in
1599 1484 1796 1543 medio
1829 1501 2032 1544 eorum
2313 1494 2511 1544 centes
2534 1515 2549 1531 ·
2612 1482 2889 1562 profetiza
3067 1484 3395 1543 inuenimus
3422 1486 3531 1543 sub

765 1578 882 1639 dfie
909 1581 958 1639 si
987 1581 1244 1657 percutie
1511 1576 1556 1611 ⁸⁸
1573 1576 1772 1650 Quem
1798 1596 1934 1637 cum
1963 1578 2107 1637 uidit
2312 1578 2441 1657 quis
2471 1588 2560 1637 est
2587 1577 2687 1653 qui
2714 1586 2771 1635 te
2799 1594 2903 1654 per
3068 1588 3390 1637 uertentem
3412 1577 3505 1655 ple

763 1691 898 1733 mus
914 1674 973 1731 in
992 1673 1188 1750 gladio
1221 1672 1470 1751 ”Etper
1512 1672 1722 1731 ancilla
1752 1672 1992 1732 sedente
2313 1672 2491 1731 cusit·
2514 1704 2527 1719 ·
2552 1669 2684 1730 “Et
2706 1671 2817 1729 alia
2836 1670 3020 1729 multa
3066 1672 3205 1730 bem
3234 1680 3495 1731 nostram
3518 1702 3533 1719 ·

764 1768 948 1827 cussit
973 1785 1126 1827 unus
1154 1786 1226 1827 ex
1257 1768 1364 1826 illis
1511 1767 1588 1825 ad
1617 1766 1816 1825 lumen
1843 1767 2074 1825 intuens
2312 1765 2725 1825 blasfemantes
2758 1764 2887 1823 dice
3068 1765 3147 1824 Et
3176 1766 3500 1825 soluentem
3528 1766 3585 1825 le

764 1878 999 1920 seruum
1031 1861 1308 1938 principis
1511 1860 1668 1919 illum
1699 1860 1844 1919 dixit
1872 1870 1930 1919 et
1957 1860 2050 1921 hic
2312 1860 2455 1919 bant
2469 1860 2529 1918 in
2545 1878 2700 1918 eum·
2737 1858 2936 1917 “Etut
2951 1857 3043 1917 fac
3069 1878 3207 1936 gem
3235 1868 3496 1920 nostram
3523 1859 3603 1920 Et

765 1955 1134 2014 sacerdotum
1155 1986 1169 2000 ·
1233 1954 1312 2013 Et
1339 1972 1436 2014 am
1511 1953 1586 2015 de
1615 1955 1698 2013 eis
1725 1964 1814 2011 est
1895 1954 1995 2030 qui
2024 1960 2098 2013 cil
2311 1964 2405 2013 tus
2437 1964 2526 2013 est
2556 1955 2680 2014 dies
2710 1970 2903 2013 conue
3069 1953 3325 2030 profetas
3344 1985 3359 2000 ·
3418 1954 3497 2013 Et
3524 1971 3633 2031 pro

761 2048 988 2125 putauit
1015 2048 1310 2107 auricula*
1512 2048 1642 2125 ipso
1669 2056 1834 2107 erant
1863 2059 2092 2124 semp0r
2115 2080 2127 2093 ·
2154 2079 2169 2094 ·
2312 2049 2397 2106 nit
2423 2048 2839 2125 presbyterium
3068 2047 3365 2107 hibentem
3392 2048 3543 2106 tribu

764 2142 889 2200 eius
918 2141 1184 2200 dextram
1207 2173 1220 2189 ·
1247 2173 1260 2188 ·
1288 2173 1301 2190 ·
1511 2140 1556 2174 ⁸⁷
1574 2140 1655 2199 At
1683 2142 1774 2201 ille
1805 2142 2040 2218 negauit
2068 2142 2120 2201 ei
2155 2142 2215 2201 di
2312 2141 2496 2218 plebis
2564 2152 2623 2200 et
2649 2141 2837 2219 princi
3070 2149 3128 2199 ta
3155 2140 3279 2199 dari
3308 2141 3528 2200 caesari
3552 2172 3566 2187 ·

763 2233 806 2268 ⁸¹
827 2233 1217 2312 Respondens
1246 2244 1440 2294 autem
1511 2252 1652 2295 cens
1734 2235 1938 2294 mulier
1965 2252 2089 2295 non
2311 2254 2419 2314 pes
2448 2235 2821 2295 sacerdotum
3068 2233 3149 2293 Et
3174 2235 3466 2294 dicentem
3494 2254 3556 2295 se
3586 2240 3731 2312 xpm

763 2327 855 2387 ihs
883 2328 1027 2387 dixit
1050 2359 1066 2376 ·
1131 2329 1296 2387 sinite
1511 2329 1650 2389 noui
1684 2328 1845 2388 illum
1927 2328 2064 2386 ”Et
2091 2328 2110 2387 i
2312 2340 2371 2388 et
2398 2330 2620 2389 scribae
2688 2328 2767 2388 Et
2796 2329 2951 2388 duxe
3066 2347 3267 2405 regem
3293 2346 3419 2389 esse
3432 2360 3493 2375 ·-
3528 2351 3533 2355 ·

759 2439 946 2501 usque
975 2421 1089 2482 hoc
1115 2454 1130 2469 ·
1193 2423 1272 2483 Et
1298 2433 1400 2483 tan
1508 2432 1696 2481 terum
1725 2432 1859 2500 post
1886 2423 2036 2501 pusil
2314 2433 2446 2483 runt
2474 2422 2634 2482 illum
2663 2424 2721 2482 in
2750 2442 2865 2483 con
3069 2422 3313 2481 ⁸Pilatus
3336 2433 3531 2482 autem

761 2573 911 2632 gens
937 2555 1254 2616 auriculam
1510 2553 1634 2614 lum
1661 2554 1868 2614 uidens
1897 2573 2036 2614 eum
2315 2556 2511 2616 cilium
2540 2574 2709 2616 suum
2732 2587 2746 2602 ·
2810 2555 2889 2614 Et
2916 2555 2977 2613 in
3069 2552 3311 2613 audiens
3340 2554 3554 2613 interro

760 2649 884 2708 eius
912 2651 1138 2709 sanauit
1164 2667 1300 2709 eum
1518 2647 1632 2706 alia
1659 2647 1799 2707 dixit
1822 2679 1837 2695 ·
1901 2648 2084 2708 homo
2111 2656 2168 2707 et
2317 2652 2689 2727 terrogabant
2717 2668 2854 2709 eum
3072 2647 3228 2724 gauit
3254 2665 3393 2707 eum
3422 2647 3622 2706 dicens
3646 2680 3711 2692 -

760 2740 900 2802 ⁸'Et
927 2744 1069 2802 dixit
1097 2743 1187 2808 ihs
1215 2743 1292 2803 ad
1318 2761 1425 2804 eos
1519 2751 1580 2799 tu
1609 2759 1744 2801 cum
1773 2742 1870 2802 illo
1897 2759 2026 2801 eras
2055 2747 2118 2800 se
2318 2744 2576 2804 dicentes
2605 2745 2652 2802 si
2683 2755 2743 2803 tu
2771 2762 2836 2804 es
3071 2751 3135 2800 tu
3162 2759 3225 2800 es
3254 2760 3355 2800 rex
3382 2741 3623 2802 iudeorii
3644 2773 3659 2788 ·

760 2837 859 2915 qui
885 2849 1170 2897 uenerunt
1197 2837 1272 2896 ad
1519 2853 1624 2914 per
1653 2866 1668 2881 ·
1731 2836 1830 2912 qui
1859 2853 2074 2912 respon
2319 2843 2432 2914 xps
2460 2838 2552 2897 dic
2582 2838 2752 2897 nobis
2772 2871 2787 2886 ·
2850 2838 2981 2897 ⁶⁷Et
3074 2845 3133 2894 at
3158 2835 3251 2894 ille
3280 2835 3645 2911 respondens

757 2949 896 2990 eum
923 2949 959 2990 a
980 2931 1290 3008 principibs
1515 2929 1600 2989 dit
1622 2961 1637 2976 ·
1697 2947 1818 2990 non
1848 2947 1978 2988 sum
2005 2947 2120 3006 ego
2143 2960 2157 2977 ·
2321 2931 2461 2990 dixit
2487 2931 2595 2990 illis
2618 2963 2632 2978 ·
2697 2931 2745 2990 si
2771 2933 2940 2991 uobis
3074 2929 3153 2988 ait
3171 2959 3186 2975 ·
3236 2939 3298 2988 tu
3326 2929 3469 2989 dicis
3489 2961 3502 2976 ·
3547 2929 3672 3034 *ἐξῆ
3700 2949 3776 2990 au

758 3024 1127 3084 sacerdotum
1160 3035 1218 3084 et
1515 3023 1560 3058 ⁸⁹
1580 3024 1657 3084 Et
1685 3023 1984 3083 interuallo
2320 3026 2522 3084 dixero
2550 3043 2673 3084 non
2700 3025 2872 3086 crede
3075 3034 3193 3082 tem
3222 3023 3425 3099 pilatus
3452 3023 3526 3082 ad
3554 3042 3667 3101 prn
3706 3018 3713 3022 ’

757 3119 1184 3195 magistratibus
1512 3118 1669 3178 facto
1699 3117 1876 3178 horae
1903 3118 2077 3177 unius
2099 3149 2112 3165 ·
2319 3120 2393 3178 tis
2416 3149 2431 3166 ·
2496 3119 2538 3152 ⁸⁸
2559 3118 2619 3177 Si
2649 3119 2942 3196 interroga
3074 3116 3233 3194 cipes
3260 3117 3563 3176 sacerdotii

759 3213 961 3288 templi
989 3222 1046 3272 et
1074 3213 1284 3272 seniori
1513 3213 1659 3271 alius
1688 3212 2050 3272 contendens
2320 3231 2460 3273 uero
2489 3231 2612 3272 non
2638 3231 2855 3290 respon
3074 3220 3133 3269 et
3166 3212 3359 3270 turbas
3383 3242 3398 3257 ·
3462 3209 3603 3269 nihil
3630 3207 3685 3254 in

757 3304 870 3364 bus
893 3337 908 3352 ·
967 3305 1132 3382 quasi
1161 3305 1236 3364 ad
1267 3305 1323 3364 la
1513 3306 1655 3364 dixit
1679 3337 1694 3352 ·
1754 3324 1888 3365 uere
1916 3315 1974 3364 et
1999 3306 2092 3365 hic
2321 3307 2465 3367 detis
2492 3307 2637 3365 mihi
2664 3324 2855 3385 neque
3075 3305 3249 3364 uenio
3277 3322 3457 3364 causa
3484 3307 3546 3363 in
3571 3305 3684 3366 hoc

756 3407 986 3459 tronem
1020 3399 1218 3458 existis
1511 3417 1647 3459 cum
1675 3400 1773 3460 illo
1806 3410 1928 3458 erat
1948 3430 1963 3445 ·
2023 3417 2160 3458 nam
2320 3401 2612 3460 dimittetis
2636 3431 2651 3446 ·
2674 3432 2686 3447 ·
2709 3433 2793 3444 —
3075 3396 3311 3457 homine
3334 3428 3349 3443 ·
3412 3399 3436 3432 ⁵
3455 3399 3535 3458 At
3562 3398 3639 3457 illi
3666 3399 3727 3456 in

756 3508 894 3551 cum
922 3492 1127 3569 gladiis
1155 3503 1213 3552 et
1241 3493 1331 3551 fus
1511 3504 1569 3552 et
1601 3493 1842 3570 galileus
1867 3504 1954 3552 est
1979 3525 1992 3539 ·
2054 3491 2100 3526 ⁶⁰
2119 3512 2193 3570 pe
2317 3493 2359 3528 ⁶⁰
2381 3494 2474 3552 Ex
2502 3495 2615 3554 hoc
2644 3503 2839 3553 autem
2866 3493 2969 3554 erit
3074 3491 3445 3551 ualescebant
3472 3492 3641 3551 dicen

757 3587 911 3645 tibus
975 3585 1020 3620 ⁶⁸
1037 3586 1192 3646 Cum
1222 3588 1362 3646 cotti
1513 3598 1636 3647 trus
1664 3597 1860 3646 autem
1890 3587 2030 3646 dixit
2053 3617 2068 3634 ·
2319 3588 2469 3648 filius
2498 3588 2753 3647 hominis
3074 3595 3161 3645 tes
3180 3618 3195 3632 ·
3256 3585 3609 3647 Commouet
3634 3605 3715 3665 po

758 3679 852 3738 die
879 3681 1189 3740 uobiscum
1215 3680 1278 3739 fu
1512 3681 1693 3742 homo
1723 3681 1923 3741 nescio
1949 3680 2088 3757 quid
2319 3682 2527 3742 sedens
2560 3682 2635 3740 ad
2664 3680 2878 3740 dextris
3072 3681 3273 3758 pulum
3301 3699 3404 3757 per
3432 3681 3636 3740 uniuer

758 3774 904 3832 erim
931 3774 992 3832 in
1019 3774 1240 3850 templo
1512 3775 1672 3834 dicas
1695 3806 1710 3821 ·
1770 3774 1847 3833 Et
1875 3775 2151 3835 continuo
2319 3775 2538 3834 uirtutis
2565 3774 2627 3835 di
2644 3807 2658 3821 ·
2722 3773 2769 3808 ⁷⁰
2783 3775 2858 3832 Et
2888 3775 2985 3833 dix
3072 3791 3201 3833 sam
3228 3774 3457 3832 iudeam
3482 3805 3495 3820 ·
3561 3775 3677 3832 inci

760 3885 884 3927 non
912 3869 1250 3927 extendistis
1512 3869 1701 3944 adhuc
1728 3868 1828 3928 illo
1855 3869 2123 3946 loquente
2318 3879 2486 3928 erunt
2512 3887 2719 3929 omnes
3073 3867 3239 3944 piens
3266 3886 3301 3926 a
3328 3867 3541 3945 galilea
3566 3886 3701 3945 usq:

757 3961 820 4019 in
847 3979 942 4021 me
971 3979 1179 4021 manus
1200 3993 1214 4008 ·
1512 3965 1764 4024 cantauit
1796 3962 1984 4039 gallus
2007 3995 2022 4010 ·
2069 3961 2112 3996 ⁶²
2127 3962 2207 4021 Et
2318 3971 2381 4020 tu
2408 3981 2520 4038 ego
2548 3981 2611 4022 es
2640 3962 2787 4021 filius
3071 3961 3185 4020 huc
3210 3993 3224 4008 ·
3290 3963 3312 3996 ⁶
3330 3962 3539 4038 pilatus
3566 3967 3700 4022 aute

757 4054 865 4114 sed
892 4053 1001 4114 hec
1031 4067 1120 4115 est
1147 4055 1290 4116 hora
1511 4075 1829 4117 conuersus
1857 4057 1966 4115 dfis
1995 4075 2056 4116 re
2319 4055 2380 4114 di
2403 4087 2417 4101 ·
2482 4057 2579 4114 Ait
2607 4066 2803 4115 autem
2829 4055 2938 4115 illis
3070 4055 3312 4114 audiens
3340 4055 3607 4132 galileam
3628 4087 3643 4103 ·

755 4158 950 4207 uestra
977 4160 1033 4208 et
1060 4159 1230 4226 potes
1511 4152 1700 4228 spexit
1725 4160 1953 4228 petrum
1977 4181 1990 4196 ·
2053 4149 2133 4208 Et
2316 4168 2426 4210 uos
2456 4150 2641 4209 dicitis
2668 4149 2829 4226 quod
3073 4149 3457 4226 Interrogauit
3485 4151 3533 4208 si
3561 4169 3596 4209 a
3622 4167 3701 4228 ga

756 4251 846 4302 tas
873 4244 1238 4302 tenebrarum
1263 4274 1276 4290 ·
1509 4253 1928 4303 rememoratus
1955 4254 2043 4303 est
2316 4263 2431 4321 ego
2458 4261 2588 4304 sum
2609 4275 2623 4290 ·
2686 4241 2730 4276 ⁷²
2749 4243 2827 4302 At
2854 4243 2931 4302 illi
3068 4242 3201 4302 lilea
3220 4243 3403 4303 homo
3429 4254 3582 4302 esset
3600 4275 3615 4290 ·

756 4336 800 4369 ⁵⁴
816 4337 893 4397 Et
920 4337 1327 4414 conprehenstl
1509 4347 1707 4415 petrus
1732 4337 1978 4396 uerbum
2005 4337 2104 4397 dni
2317 4338 2579 4398 dixerunt
2606 4337 2745 4415 quid
3070 4336 3093 4370 '¹
3110 4346 3169 4395 et
3204 4345 3268 4394 ut
3301 4339 3580 4413 cognouit
3605 4338 3757 4414 qu⁰d

755 4431 916 4490 illum
946 4432 1234 4492 duxerunt
1507 4433 1654 4492 sicut
1681 4430 1823 4490 dixit
1848 4431 1926 4488 illi
2318 4432 2507 4491 adhuc
2538 4432 2931 4492 desideramus
3072 4429 3143 4490 de
3174 4431 3406 4492 herodis
3436 4440 3661 4508 potesta
