4373 5048
765 274 886 321 122

443 434 565 485 Pol.
589 435 709 495 1¹14.
756 430 958 493 dicens
981 463 996 481 ·
1053 433 1232 492 etiam

757 525 874 586 dne
929 544 1071 586 nam
1097 535 1156 585 et
1185 523 1334 586 cate!

755 620 798 679 li
825 620 1030 680 subtus
1057 625 1266 679 mensa

757 712 976 773 aedunt
1003 714 1076 773 de
1103 713 1273 772 micis

755 824 1073 884 puerorum
1098 837 1112 853 ·
1156 802 1200 842 ¹⁰
1215 804 1295 864 Et

757 900 835 959 ait
864 900 978 958 illi·
1020 898 1170 959 uade
1200 910 1341 977 prop

756 1004 840 1053 ter
867 992 982 1053 hoc
1009 995 1258 1053 uerbum
1344 1034 1352 1039 -

755 1088 896 1148 exiit
923 1086 1267 1147 demonium

756 1199 791 1240 a
811 1180 928 1239 filia
953 1190 1055 1240 tua
1076 1212 1091 1227 ·
1113 1212 1128 1231 ·
1171 1180 1218 1215 ⁸⁰
1233 1190 1292 1242 et
1319 1186 1396 1241 cil

753 1274 1007 1334 uenisset
1027 1273 1210 1334 domii

753 1367 976 1427 inuenit
1003 1367 1182 1427 filiam
1210 1386 1281 1428 su

753 1478 852 1521 am
881 1462 1144 1521 iactatam
1172 1461 1234 1519 in
1260 1461 1349 1521 lec

753 1564 817 1615 to
841 1586 856 1603 ·
914 1565 974 1615 et
1001 1555 1280 1615 demonia

754 1650 1008 1709 eiectum
1030 1681 1043 1696 ·
1069 1680 1084 1697 ·
1127 1647 1169 1681 ⁸¹
1186 1648 1264 1709 Et
1291 1667 1390 1709 rur

752 1759 854 1802 sus
882 1760 1152 1819 egressus
1172 1760 1210 1802 a

754 1836 968 1895 finibus
994 1837 1104 1912 tyri
1131 1843 1190 1894 et
1215 1835 1265 1894 si

754 1929 926 1989 donis
983 1927 1163 1987 Uenit
1191 1927 1266 1987 ad

753 2040 914 2081 mare
941 2022 1179 2099 galileae
1199 2052 1214 2067 ·

752 2115 912 2175 Inter
939 2116 1164 2175 medios
1193 2116 1332 2175 fines

753 2209 1051 2287 decapolis
1070 2240 1084 2254 ·
1127 2208 1172 2243 θ’
1187 2210 1266 2269 Et
1292 2208 1363 2268 of

753 2302 944 2363 serunt
971 2304 1025 2365 ei
1055 2304 1234 2363 surdsi

750 2435 830 2495 Et
857 2444 1088 2496 mutum
1105 2466 1120 2483 ·
1179 2444 1236 2496 et
1256 2435 1329 2497 de

752 2533 1144 2609 precabantur
1164 2535 1240 2591 εὖ

751 2635 816 2684 ut
845 2626 1150 2702 inponeret
1177 2625 1258 2684 illi

750 2737 994 2779 manum
1026 2751 1040 2767 ·
1063 2753 1076 2766 ·
1121 2719 1165 2754 ³⁸
1181 2720 1259 2779 Et
1287 2721 1416 2782 acci

748 2815 918 2890 piens
947 2831 1086 2873 eum
1113 2813 1184 2874 de
1213 2823 1305 2872 tur

748 2909 825 2967 ba
853 2925 1116 2968 seorsum
1135 2939 1150 2955 ·
1209 2927 1284 2968 ex

746 3002 876 3079 puit
936 3011 996 3061 et
1021 3001 1178 3062 misit
1205 3001 1329 3078 digi

745 3103 840 3154 tos
867 3112 1009 3154 suos
1035 3095 1098 3154 in
1125 3096 1326 3155 aurien

744 3186 814 3246 lis
841 3188 969 3247 eius
992 3218 1007 3237 ·
1072 3197 1128 3247 et
1154 3189 1338 3264 tetigit

744 3280 1010 3357 linguam
1037 3283 1162 3341 eius
1184 3312 1199 3329 ·

745 3373 883 3434 ”Et
910 3375 1200 3451 aspiciens
1227 3377 1288 3435 in
1317 3376 1444 3437 cels:

741 3467 1030 3544 ingemuit
1087 3478 1146 3529 et
1173 3469 1254 3529 ait

741 3561 993 3638 eppheta
1049 3562 1211 3639 quod
1237 3573 1324 3623 est

740 3654 1036 3731 adaperire
1059 3688 1074 3703 ·
1118 3655 1165 3689 ⁸⁶
1180 3666 1239 3716 et
1267 3675 1304 3716 a

739 3759 900 3824 perte
931 3759 1063 3808 sunt
1089 3768 1260 3810 aures

737 3843 865 3902 eius
926 3852 985 3901 et
1011 3843 1267 3902 solutum

768 3945 858 3995 est
887 3936 1192 3996 uinculum
1221 3937 1304 3997 lin

737 4045 855 4106 gue
883 4029 1008 4090 eius
1069 4039 1126 4089 et
1151 4029 1329 4110 loque

737 4124 906 4181 batur
930 4133 1120 4185 rectae
1145 4155 1160 4172 ·

737 4215 780 4248 ³⁶
795 4216 874 4275 Et
893 4218 1151 4295 precepit
1167 4217 1274 4277 illis
1292 4249 1307 4266 ·
1373 4227 1438 4280 ut

734 4327 811 4368 ne
839 4311 934 4370 cui
962 4312 1286 4391 quidquam

2137 254 2385 320 SEC‚·

1507 430 1767 491 dicerent
1789 463 1803 478 ·
1829 462 1844 479 ·
1902 448 2065 509 quan

1507 536 1634 585 tum
1651 537 1848 585 autem
1879 526 1966 586 eis

1506 620 1862 697 precipiebat
1889 629 1949 679 at

1508 712 1586 771 illi
1614 722 1778 772 tanto
1805 713 1994 789 magis

1507 805 1884 882 predicabant

1505 898 1552 933 ⁸⁷
1569 909 1626 958 et
1653 918 1728 959 eo
1755 898 2006 976 amplius
2035 900 2118 958 mi

1507 994 1782 1052 rabantur
1850 993 2021 1053 dicen

1506 1098 1594 1147 tes
1656 1089 1807 1147 bene
1835 1086 2000 1147 omni

1505 1182 1617 1239 bus
1645 1180 1779 1239 fecit
1845 1189 1903 1239 et
1932 1197 2031 1240 sur

1504 1273 1615 1333 dos
1643 1273 1775 1333 fecit
1804 1274 2001 1333 audire

1504 1377 1564 1427 et
1589 1378 1789 1427 mutos
1816 1367 1979 1445 loqui
1999 1400 2084 1414 --

1456 1459 1486 1493 *
1513 1468 1572 1521 8.
1597 1460 1616 1494 ¹
1636 1462 1708 1521 In
1736 1461 1842 1521 illis
1871 1472 2068 1521 autem
2095 1460 2190 1523 die

1455 1553 1484 1586 '¹'
1512 1558 1622 1617 bus
1683 1575 1821 1617 cum
1849 1556 2032 1617 multa

1455 1648 1483 1682 '¹‘
1509 1652 1678 1709 turba
1705 1660 1858 1711 esset
1917 1670 2028 1711 nec

1455 1742 1484 1775 '⁸'
1511 1745 1789 1805 haberent
1843 1746 2008 1823 quod

1453 1837 1482 1870 '⁸'
1506 1839 1925 1900 manducarent
1947 1871 1962 1889 ·

1501 1934 1842 1993 conuocatis
1873 1934 2017 1993 disci

1502 2026 1656 2106 pulis
1685 2027 1764 2085 ait
1789 2026 1900 2087 illis
1957 2025 1978 2059 ⁸
1996 2028 2077 2086 mi

1505 2138 1700 2180 sereor
1727 2138 1904 2197 supra
1931 2130 2024 2181 tur

1503 2216 1644 2274 bam
1672 2215 1826 2274 hanc
1846 2246 1860 2261 ·
1923 2216 2144 2293 quonia

1503 2308 1756 2368 triduum
1784 2308 2062 2369 adherent

1503 2440 1644 2499 mihi
1704 2459 1814 2501 nec
1842 2440 2060 2501 habent

1501 2535 1664 2612 quod
1691 2536 2047 2596 manducent
2076 2567 2090 2583 ·

1501 2631 1520 2660 ⁸
1539 2638 1596 2687 et
1624 2630 1908 2690 dimittere
1937 2629 2064 2690 illos

1499 2723 1730 2782 ieiunos
1756 2722 1921 2782 domi
1950 2723 2092 2783 nolo
2115 2753 2130 2770 ·

1499 2835 1576 2876 ne
1604 2816 1915 2894 fatigentur
1941 2817 2002 2875 in

1498 2910 1598 2969 uia
1616 2941 1631 2958 ·
1653 2942 1667 2958 ·
1729 2910 1808 2969 Et
1836 2911 2012 2989 aliqui
2038 2930 2112 2971 ex
2139 2911 2178 2970 il

1497 3004 1570 3063 lis
1597 3021 1632 3063 a
1651 3003 1828 3082 longe
1857 3015 2142 3064 uenerunt
2161 3037 2174 3052 ·

1498 3098 1521 3131 ⁴
1538 3095 1615 3157 Et
1641 3099 2066 3175 responderunt
2090 3099 2129 3157 il

1498 3189 1538 3248 li
1568 3191 1832 3269 discipuli
1859 3191 1986 3250 eius

1496 3283 1653 3344 unde
1679 3294 1778 3343 00s
1806 3283 2005 3361 possssrit
2033 3285 2108 3344 ali

1497 3376 1628 3454 quis
1656 3387 1906 3436 saturare
1935 3396 2012 3454 pa

1495 3470 1666 3529 nibus
1692 3470 1756 3529 in
1784 3470 2017 3530 solitudi

1494 3581 1568 3622 ne
1592 3594 1606 3610 ·
1650 3562 1767 3623 ⁸Et
1800 3564 2092 3642 interroga

1493 3657 1576 3716 uit
1603 3675 1706 3718 eos
1735 3657 1896 3736 quod
1922 3676 2106 3736 panes

1491 3748 1716 3810 habetis
1741 3783 1754 3798 ·
1815 3751 1894 3811 At
1922 3752 1999 3811 illi

1491 3841 1758 3905 dixerunt
1785 3857 2009 3923 septem
2029 3877 2042 3892 ·

1489 3939 1511 3971 ⁶
1527 3937 1606 3997 Et
1632 3940 1891 4015 precepit
1917 3941 2100 3998 turbis

1489 4031 1852 4092 discumbere
1885 4051 2062 4110 supra

1488 4132 1699 4186 terram
1724 4157 1738 4173 ·
1797 4125 1876 4184 Et
1903 4145 2084 4203 accep

1485 4218 1558 4278 tis
1592 4227 1818 4296 septem
1845 4220 2096 4298 panibus

1485 4313 1700 4388 gratias
1725 4313 1844 4390 egit
1873 4331 1942 4373 ac
1972 4313 2140 4390 fregit

2311 441 2370 490 et
2398 430 2557 491 dedit
2584 430 2883 507 discipulis

2312 526 2433 585 suis
2494 536 2559 583 ut
2588 524 2823 602 adpone

2310 628 2439 678 rent
2500 628 2559 678 et
2584 618 2811 695 adposu

2310 721 2479 771 erunt
2508 722 2643 771 ante
2672 712 2865 772 turbsss

2310 805 2333 837 ⁷
2350 804 2669 865 Habebant
2695 816 2897 865 autem

2308 908 2365 959 et
2400 915 2624 976 paucos
2651 899 2867 976 pi⁸cicu

2306 992 2397 1053 los
2415 1024 2429 1043 ο
2489 1003 2546 1053 et
2574 990 2787 1070 gratias
2812 1010 2849 1051 a

2308 1103 2457 1163 gens
2478 1117 2493 1132 ·
2556 1087 2721 1147 iussit
2749 1095 2807 1147 et
2835 1086 2875 1145 il

2308 1180 2399 1239 los
2426 1179 2643 1256 adponi
2666 1211 2681 1231 ο
2722 1179 2746 1213 ⁸
2762 1190 2821 1240 et

2308 1274 2811 1333 manducauerunt
2830 1304 2845 1321 ·

2310 1376 2367 1427 et
2394 1368 2631 1427 saturati
2658 1376 2835 1427 sunt·

2308 1460 2386 1519 Et
2415 1460 2769 1521 sustulerunt

2310 1554 2471 1632 quod
2500 1572 2645 1631 supe
2674 1558 2816 1614 rat'xe

2310 1652 2539 1708 rauerat
2566 1646 2695 1725 frag

2310 1750 2641 1801 mentorum
2680 1758 2819 1819 spor

2309 1844 2395 1893 tas
2424 1845 2649 1912 septem
2678 1866 2693 1883 ·

2308 1929 2329 1962 ⁰
2351 1928 2609 1988 Fuerunt
2637 1939 2835 1988 autem

2306 2024 2404 2099 qui
2433 2022 2801 2083 manducaue

2304 2126 2441 2175 runt
2498 2116 2616 2176 sere
2645 2125 2785 2194 quat

2306 2220 2438 2269 tuor
2465 2211 2623 2270 milia
2651 2210 2813 2269 homi

2306 2322 2451 2364 num
2511 2315 2569 2364 et
2598 2303 2811 2363 dimisit

2304 2435 2433 2497 illos
2454 2468 2467 2483 ·
2510 2434 2556 2471 ²⁰
2573 2445 2632 2496 et
2660 2436 2853 2496 statim

2306 2531 2569 2592 ascendit
2596 2531 2657 2591 in
2686 2531 2822 2591 naui

2305 2625 2501 2684 culam
2528 2643 2665 2685 cum
2694 2624 2783 2684 dis

2305 2719 2511 2796 cipulis
2538 2718 2660 2778 suis
2682 2749 2697 2764 ·
2756 2729 2815 2777 et
2842 2735 2920 2778 ue

2304 2813 2389 2870 nit
2416 2814 2477 2872 in
2505 2823 2729 2890 partem
2757 2811 2853 2871 dal

2302 2906 2586 2966 manutha
2610 2937 2621 2953 ·
2648 2936 2662 2952 ·
2707 2904 2750 2938 ¹¹
2768 2905 2918 2966 Exie

2302 3010 2435 3060 runt
2462 3009 2657 3060 autem
2686 2998 2789 3059 fari

2301 3095 2419 3153 saei
2477 3104 2535 3154 et
2562 3103 2883 3171 coeperunt

2300 3186 2625 3265 disceptare
2654 3205 2793 3246 cum
2820 3187 2859 3246 il

2296 3280 2355 3341 lo
2418 3289 2727 3359 querentes

2298 3374 2535 3452 aliquod
2564 3375 2799 3450 signum

2296 3469 2373 3528 ab
2400 3485 2474 3527 eo
2508 3467 2582 3528 de
2610 3468 2741 3528 celo
2768 3478 2889 3527 tem

2296 3571 2485 3621 tantes
2513 3579 2647 3622 eum
2668 3593 2683 3610 ·
2725 3561 2767 3596 ¹²
2784 3560 2862 3620 Et

2294 3655 2697 3732 ingemescens
2726 3659 2837 3732 spu

2295 3767 2403 3810 suo
2432 3751 2511 3808 ait
2531 3781 2545 3797 ·
2606 3749 2747 3827 quid
2774 3765 2893 3826 gen

2292 3843 2474 3902 eratio
2502 3843 2611 3903 hec
2640 3844 2813 3919 signii

2293 3936 2517 4016 quaerit
2538 3969 2553 3984 ·
2614 3937 2808 3996 Amen

2292 4031 2427 4090 dico
2454 4030 2627 4090 uobis
2656 4030 2703 4090 si
2732 4029 2807 4092 da

2290 4125 2441 4186 bitur
2468 4125 2729 4201 generati

2288 4219 2389 4278 oni
2417 4219 2550 4278 huic
2580 4219 2815 4295 signum

2286 4311 2329 4346 ¹⁸
2348 4312 2427 4371 Et
2454 4312 2709 4374 dimissis
2735 4313 2847 4376 illis

3230 264 3372 329 [vll.
3395 268 3650 321 28-vl11,
3678 282 3759 321 ao.

3062 430 3284 489 Iterum
3312 449 3491 492 ascen

3062 524 3211 584 dens
3238 525 3300 584 in
3328 542 3543 585 nauem

3062 618 3202 677 abiit
3230 620 3478 679 transfre

3059 722 3186 771 tum
3243 710 3288 745 ¹⁴
3310 722 3368 772 et
3394 713 3557 773 obliti
3586 724 3724 773 sunt

3060 823 3244 883 panes
3274 824 3501 866 sumere
3524 838 3539 853 ·
3562 839 3576 854 ·

3060 898 3192 958 Nisi
3220 917 3405 958 unum
3434 916 3651 976 panem

3058 1009 3240 1069 quem
3268 1010 3472 1052 secum
3500 994 3579 1052 ha

3060 1088 3278 1145 bebant
3306 1088 3368 1145 in
3395 1098 3599 1147 naue-

3060 1178 3103 1213 ι’
3121 1178 3198 1237 Et
3225 1182 3485 1258 precepit
3512 1182 3621 1241 illis
3648 1180 3712 1241 di

3060 1291 3201 1333 cens
3262 1274 3456 1334 uidete
3479 1293 3516 1334 a

3058 1365 3345 1427 fermento
3374 1366 3545 1427 sarise

3057 1466 3167 1519 orii
3224 1470 3281 1520 et
3308 1480 3344 1520 a
3371 1459 3595 1521 sermen

3057 1562 3120 1613 to
3148 1553 3381 1615 herodis
3398 1586 3414 1601 ·
3458 1555 3499 1589 ¹⁶
3515 1556 3594 1613 Et
3621 1573 3697 1616 co

3056 1647 3319 1724 gitabant
3346 1649 3423 1707 ad
3450 1648 3631 1708 alteru

3056 1751 3209 1799 trum
3236 1738 3387 1819 quod
3412 1759 3598 1818 panes

3058 1851 3179 1892 non
3210 1833 3490 1894 haberent
3520 1866 3535 1883 ·
3558 1866 3574 1883 ·

3056 1924 3101 1962 ¹⁷
3118 1927 3258 2000 Quo
3285 1930 3527 2006 cognito
3554 1928 3645 1989 ihs
3674 1930 3755 1989 ait

3056 2020 3169 2081 illis
3230 2022 3371 2098 quid
3400 2024 3593 2100 cogita

3056 2116 3133 2175 tis
3167 2116 3228 2173 in
3256 2116 3530 2177 cordibus

3058 2210 3263 2269 uestris
3318 2211 3453 2287 quia
3482 2230 3561 2287 pa

3056 2320 3163 2361 nes
3190 2322 3314 2363 non
3341 2305 3567 2365 habetis

3055 2434 3341 2495 Nondum
3368 2436 3637 2515 intellege

3056 2531 3131 2590 tis
3150 2563 3164 2578 ·
3206 2549 3317 2590 nec
3347 2533 3631 2609 perspicis

3054 2625 3127 2684 tis
3148 2656 3163 2671 ·
3222 2625 3435 2686 Adhuc
3465 2628 3608 2686 obtu

3053 2735 3186 2778 sum
3212 2729 3301 2778 est
3326 2737 3431 2779 cor
3458 2726 3653 2780 uestrfl
3676 2751 3692 2768 ·

3052 2810 3096 2845 ¹⁸
3115 2812 3337 2874 Oculos
3364 2814 3648 2874 habentes

3050 2925 3176 2966 non
3202 2907 3408 2966 uidetis
3434 2938 3448 2954 ·
3510 2917 3568 2968 et

3050 3018 3219 3059 aures
3244 3000 3527 3060 habentes

3050 3111 3171 3152 non
3198 3094 3407 3154 auditis
3429 3125 3444 3141 ·
3508 3113 3618 3155 nec

3049 3188 3397 3248 meministis
3454 3187 3501 3222 ¹⁹
3516 3207 3678 3266 quan

3049 3281 3130 3340 do
3158 3282 3415 3360 quinque
3443 3300 3628 3359 panes

3048 3373 3192 3450 fregi
3221 3376 3283 3433 in
3309 3375 3569 3454 quinque

3047 3467 3204 3527 milia
3231 3467 3537 3528 hominum

3046 3562 3211 3641 quod
3236 3563 3466 3623 cofinos
3492 3563 3622 3641 frag

3046 3666 3381 3715 mentorum
3410 3657 3543 3716 tulis

3044 3749 3116 3809 tis
3137 3780 3151 3795 ·
3212 3749 3415 3810 dicunt
3443 3752 3523 3810 illi
3550 3751 3672 3812 duo

3043 3842 3235 3902 decim
3260 3875 3273 3890 ·
3318 3841 3362 3877 ²⁰
3380 3842 3642 3916 Quando

3040 3947 3238 3995 autem
3265 3948 3535 4014 speptem

3032 4028 3273 4107 septem
3300 4049 3485 4107 panes
3510 4026 3577 4092 in

3038 4132 3310 4200 quattuor
3336 4124 3496 4185 milia
3523 4125 3603 4184 ho

3037 4217 3263 4276 minum
3286 4247 3302 4264 ·
3367 4220 3527 4295 quod
3558 4237 3699 4297 spor

3034 4321 3123 4370 tas
3151 4310 3551 4388 fragmentoru

3789 444 3917 495 1¹01.
3940 448 4069 497 17⁸.
