4373 5048
1956 331 2405 420 SECUNDU
3374 304 3710 373 [vl1.8-21.

3020 498 3120 577 qui
3146 489 3466 554 inueniunt.
3747 477 3872 529 rol,
3893 474 3981 526 15.

3022 609 3157 654 eam
3176 615 3189 630 ·
3250 577 3524 642 ¹⁶Atendi

3027 698 3085 747 te
3114 692 3310 745 autem
3338 694 3374 735 a
3407 674 3486 733 fal

3034 782 3112 841 sis
3140 772 3382 855 profetis
3409 766 3509 847 qui

3035 873 3281 935 ueniunt
3307 865 3384 925 ad
3410 880 3520 922 uos

2263 528 2511 595 ⁸Omnis
2537 522 2696 585 enim
2723 513 2824 593 qui

2269 626 2415 707 petit
2441 617 2686 695 accipit·
2747 617 2808 668 et

2273 722 2372 800 qui
2401 714 2588 795 querit
2619 709 2758 767 inue

2280 816 2365 875 nit
2425 820 2485 869 et
2510 798 2766 884 pulsanti

2283 906 2568 987 aperietur
2587 930 2600 944 ·

2284 1005 2437 1063 ’Aut
2467 996 2596 1074 quis
2623 998 2714 1050 est
2740 1004 2814 1045 ex
2841 998 2923 1041 uo
3040 972 3102 1029 in
3137 956 3499 1026 uestimentis

2288 1099 2381 1159 bis
2406 1095 2630 1153 homo·
2693 1096 2872 1160 quem
3045 1062 3246 1124 ouium
3269 1081 3284 1097 ·
3343 1051 3484 1113 abin

2294 1194 2343 1253 si
2371 1196 2531 1269 petat
2559 1181 2708 1241 filius
2737 1193 2816 1253 pa
3049 1166 3143 1218 tus
3171 1160 3366 1212 autem
3395 1151 3528 1205 sunt

2298 1302 2436 1346 nem
2509 1269 2790 1351 numquid
3051 1250 3174 1326 lupi
3199 1256 3443 1321 rapaces
3465 1262 3478 1278 ·

2299 1378 2558 1459 lapidem
2583 1368 2742 1449 porri
3053 1343 3142 1403 ²⁸a
3169 1336 3450 1400 fructibus
3475 1346 3550 1389 eo

2307 1486 2406 1554 get
2435 1471 2490 1531 ei
2512 1495 2525 1508 ·
2577 1465 2623 1500 ¹⁰
2635 1466 2753 1523 Aut
2782 1458 2829 1516 si
2857 1454 2950 1532 pis
3059 1454 3188 1497 rum
3219 1442 3519 1508 cognosce

3061 1533 3137 1592 tis
3157 1545 3264 1589 eos
3285 1552 3298 1566 ·
3343 1520 3510 1581 Num

3070 1623 3211 1705 quid
3237 1617 3521 1691 colligunt
3549 1608 3623 1669 de

3073 1716 3254 1797 spinis
3279 1741 3292 1754 ·
3311 1730 3385 1771 u·
3412 1725 3478 1766 as
3500 1732 3513 1745 ·
3535 1702 3657 1763 Aut

3021 1866 3032 1877 .
3078 1814 3152 1873 de
3180 1805 3403 1869 tribulis
3432 1801 3594 1859 ficos·

3079 1908 3123 1943 ¹⁷
3135 1906 3228 1966 Sic
3258 1897 3449 1961 omnis
3479 1892 3654 1951 arbor

3082 2004 3244 2062 bona
3270 1995 3490 2053 fruetus
3517 1987 3591 2043 b⁰

3088 2111 3200 2155 nus
3227 2088 3364 2149 facit
3386 2109 3399 2123 ·
3463 2078 3620 2139 mala

3091 2198 3287 2250 autem
3313 2180 3486 2239 arbor
3513 2189 3614 2231 ma

3095 2284 3187 2343 los
3215 2278 3436 2338 fructus
3465 2265 3601 2327 facit

2312 1586 2444 1631 cem
2471 1562 2615 1643 petit
2638 1590 2650 1603 ·
2711 1570 2856 1613 num

2315 1661 2456 1741 quid
2483 1659 2816 1732 serpentem

2319 1754 2484 1817 dabit
2511 1750 2565 1809 ei
2589 1773 2602 1787 ·
2663 1742 2706 1778 ¹¹
2717 1741 2777 1801 Si
2805 1751 2951 1813 ergo

2336 2040 2471 2100 data
2499 2034 2636 2093 dare
2666 2024 2796 2085 filiis

2336 2129 2546 2194 uestris
2567 2152 2580 2165 ·
2637 2136 2796 2199 quan

2339 2238 2404 2288 to
2433 2220 2618 2297 magis
2644 2221 2808 2293 pater

2343 2327 2534 2381 uester
2561 2311 2662 2390 qui
2687 2310 2748 2366 in
2777 2320 2882 2364 cae

2405 2451 2459 2500 in
2480 2449 2630 2510 caput
2651 2431 2982 2505 qnadragisim

2352 2533 2423 2592 lis
2451 2515 2726 2588 est'dabit
2752 2520 2912 2577 bona
3105 2501 3302 2565 ¹⁸N0n
3327 2500 3526 2575 potest
3553 2487 3727 2549 arbor

2357 2621 2682 2706 petentibus
2710 2631 2771 2673 se
2797 2638 2808 2651 ·
3108 2604 3271 2661 bona
3295 2589 3486 2652 malos
3516 2585 3639 2644 fruc

2361 2714 2636 2780 ²²Omnia
2661 2723 2806 2784 ergo
2835 2716 2985 2781 quae
3115 2708 3211 2755 tus
3237 2689 3428 2748 facere
3450 2705 3464 2720 ·
3522 2695 3596 2738 ne

2366 2826 2617 2887 cumque
2641 2800 2817 2864 uultis
3122 2805 3236 2865 que
3265 2782 3438 2842 arbor
3463 2772 3620 2834 mala

2367 2919 2433 2969 ut
2461 2903 2673 2965 faciant
2698 2892 2870 2954 uobis
3124 2882 3342 2940 fructus
3367 2874 3561 2932 bonus

2373 2999 2644 3062 homines
2719 2990 2797 3046 ita
2823 2992 2884 3042 et
3127 2975 3347 3034 facere·
3407 2957 3673 3023 ¹⁹Omnis

2378 3113 2489 3156 uos
2515 3087 2688 3149 facite
2713 3080 2824 3141 illis
2844 3108 2857 3122 ·
3130 3069 3302 3129 arbor
3328 3075 3477 3139 quae
3505 3071 3631 3113 non

2385 3189 2556 3250 Haec
2583 3189 2673 3241 est
2700 3175 2858 3236 enim
2881 3170 2978 3227 lex
3007 3172 3066 3223 et
3135 3160 3273 3222 facit
3299 3155 3547 3214 fructum
3575 3148 3653 3204 bo

2388 3280 2652 3363 profetae
2672 3301 2685 3314 ·
2756 3267 2838 3333 θ’
2848 3266 3010 3324 Intra
3141 3271 3284 3315 num
3305 3244 3600 3308 excidetur

2392 3389 2450 3438 te
2477 3390 2582 3453 per
2604 3372 2912 3444 angustam
3145 3359 3205 3409 et
3231 3347 3293 3404 in
3319 3344 3518 3420 ignem
3545 3333 3653 3393 mit

2399 3479 2634 3552 portam
2657 3493 2669 3508 ·
2729 3472 2908 3536 quam
3150 3452 3298 3504 tetur
3316 3465 3329 3478 ·
3387 3431 3628 3508 ”Igitur

2404 3569 2522 3627 lata
2547 3569 2720 3640 porta
2745 3563 2804 3612 et
2825 3565 2936 3626 spa
3154 3555 3228 3598 ex
3257 3528 3536 3592 fructibus
3563 3539 3635 3580 eo

2409 3664 2560 3722 tiosa
2587 3654 2682 3714 uia
2709 3663 2859 3727 quae
2888 3641 2967 3701 du
3158 3645 3290 3690 rum
3317 3611 3685 3698 cognoscetis

2413 3757 2492 3816 cit
2516 3752 2579 3810 in
2599 3741 2922 3826 perditione
3165 3741 3270 3786 eos
3287 3745 3301 3761 ·
3361 3717 3538 3773 ²¹non
3565 3702 3760 3767 omnis

2417 3849 2496 3909 Et
2521 3840 2688 3904 multi
2719 3842 2852 3895 sunt
2880 3827 2982 3907 qui
3167 3817 3266 3896 qui
3297 3811 3435 3873 dicit
3461 3803 3604 3865 mihi
3631 3799 3746 3860 dfie

2420 3947 2636 4003 intrant
2663 3943 2926 4010 peream
2949 3947 2962 3962 ·
3173 3913 3286 3972 dfie
3313 3901 3545 3968 intrabit
3563 3898 3626 3957 in

2424 4039 2468 4072 ¹⁴
2478 4033 2677 4107 Quam
2705 4029 2953 4100 angusta
2977 4023 3068 4075 est
3175 4017 3426 4081 regnum
3454 3991 3725 4055 caeloru-

2431 4137 2601 4210 porta
2668 4130 2727 4179 et
2752 4126 2876 4176 arta
2901 4111 2998 4170 uia
3018 4139 3032 4153 ·
3183 4099 3302 4161 Sed
3330 4093 3429 4172 qui
3457 4087 3592 4149 facit
3616 4080 3758 4141 uolfi

2436 4239 2586 4302 quae
2614 4214 2772 4277 ducit
2791 4209 2869 4270 ad
2894 4205 3076 4266 uita*·
3185 4204 3363 4255 tatem
3391 4182 3569 4266 patris
3595 4174 3715 4237 mei

2435 4329 2497 4380 et
2523 4311 2696 4394 pauci
2723 4313 2860 4369 sunt
3189 4288 3290 4368 qui
3315 4286 3376 4344 in
3403 4277 3576 4342 caelis
3603 4280 3690 4332 est
3707 4293 3721 4308 ·
