4373 5048
3349 480 3470 551 159

763 678 1002 730 INDEX
1072 676 1436 729 LOCORUM
1503 676 1655 727 UEL
1721 676 1770 723 A
1839 674 2076 725 PRIMA
2146 674 2298 725 UEL
2365 670 3064 733 A‚POSTER10R113US
3130 668 3471 720 MANIBUS

1024 781 1588 834 CORRECTORUM
1665 780 1990 844 QUARUM
2067 777 2670 830 EMENDATIONES
2752 778 2836 827 IN
2915 774 3231 825 TEXTUM
3308 772 3467 825 NON

1023 886 1450 938 RECEPIMUS
1494 886 1598 935 AD
1644 884 2084 936 COMMODUM
2133 882 2498 934 LECTORIS
2547 883 2593 932 E
2643 880 2969 933 NOTULIS
3016 878 3473 955 DEJCERPTUS.

765 1022 870 1077 Mt.
944 1025 1001 1078 9.
1038 1024 1125 1078 27.
1161 1022 1338 1078 nostri
1365 1040 1438 1077 m.
1454 1026 1517 1093 p.
1543 1040 1646 1077 nos
1671 1039 1813 1077 corr.

801 1150 833 1177 „
916 1114 998 1166 11.
1037 1111 1125 1167 21.
1163 1110 1305 1166 istae
1329 1128 1555 1165 erasum
1579 1117 1677 1165 est.

801 1240 834 1268 „
913 1202 1004 1254 12.
1082 1199 1126 1253 1.
1165 1210 1384 1268 segetes
1409 1217 1420 1253 :
1461 1217 1490 1254 s
1496 1199 1610 1269 fin.
1635 1215 1799 1269 erasa
1821 1204 1918 1252 est.

803 1326 835 1353 „
912 1288 1001 1342 13.
1038 1286 1125 1341 37.
1163 1288 1239 1341 At
1261 1303 1487 1341 erasum
1510 1292 1612 1340 est.
1687 1297 1771 1355 55.
1808 1286 2005 1356 ioseph
2031 1302 2104 1339 m.
2118 1289 2204 1355 p„
2231 1284 2379 1339 ioses
2404 1300 2546 1340 corr.
2572 1300 2645 1337 m.
2659 1286 2726 1353 p.

803 1414 835 1441 ‚,
911 1376 1004 1429 14.
1075 1374 1128 1429 9.
1165 1384 1357 1429 autem
1381 1391 1604 1428 erasum
1628 1380 1726 1427 est.

807 1502 838 1527 ‚,
913 1463 1004 1517 15.
1047 1462 1132 1516 11.
1169 1460 1342 1516 intrat
1365 1478 1464 1515 sec.
1490 1478 1717 1515 erasum
1741 1466 1837 1515 est.

803 1590 834 1615 „
911 1550 1002 1605 16.
1044 1550 1126 1604 19.
1165 1559 1372 1604 terram
1385 1553 1483 1619 pr.
1513 1548 1625 1603 loco
1633 1568 1666 1613 ,·
1699 1566 1758 1603 m
1781 1550 2108 1602 semi-erasa
2130 1555 2227 1602 est.

804 1674 836 1703 „
918 1638 1006 1693 1¹7.
1045 1637 1134 1692 24.
1171 1636 1496 1706 didragmas
1524 1654 1598 1691 m.
1613 1639 1696 1706 p„
1722 1653 1750 1691 s
1772 1638 1953 1690 erasit
1975 1653 2117 1691 corr.

804 1763 836 1790 „
917 1725 1006 1778 19.
1079 1724 1132 1779 3.
1169 1734 1472 1779 temtantes
1497 1740 1640 1780 corr.
1714 1739 1746 1779 2
1752 1735 1799 1793 5.
1838 1723 2096 1793 discipuli
2120 1740 2265 1779 corr.

807 1851 838 1879 „
903 1812 1005 1866 20.
1079 1812 1129 1866 2.
1169 1811 1374 1866 diurno
1395 1828 1536 1867 corr.
1562 1828 1636 1866 m.
1651 1816 1718 1882 p.

805 1938 839 1965 ‚,
916 1901 1010 1954 21.
1050 1899 1134 1954 16.
1171 1916 1480 1970 numquam
1502 1916 1642 1955 corr.
1673 1898 1830 1969 (num
1853 1899 2226 1969 duplicatum,
2250 1898 2352 1953 sed
2366 1900 2498 1953 scda
2522 1899 2644 1953 uice
2664 1896 2930 1966 erasum).

809 2028 840 2055 „
907 1989 1008 2042 24.
1048 1988 1134 2042 22.
1172 1986 1316 2041 offiis
1341 2004 1484 2042 corr.
1500 1990 1676 2057 post'.

805 2114 838 2141 ‚,
905 2076 1006 2130 25.
1081 2075 1130 2130 7.
1169 2086 1605 2144 composuerunt
1631 2092 1704 2132 m.
1730 2090 1778 2143 3.
1859 2090 1940 2131 10.
1977 2076 2172 2130 clausa
2196 2092 2270 2129 m.
2298 2090 2348 2144 3.

807 2200 841 2228 „
908 2163 1007 2216 26.
1044 2162 1132 2217 26.
1168 2161 1408 2232 accipite
1433 2179 1507 2216 m.
1533 2176 1584 2231 3.
1659 2176 1745 2231 34.
1781 2173 1950 2218 nocte
1973 2180 2046 2217 m.
2075 2178 2124 2231 3.

785 2252 870 2319 Jn.
959 2251 1009 2304 1.
1046 2251 1133 2305 45.
1171 2257 1278 2321 que
1302 2267 1446 2305 corr.
1459 2254 1643 2320 post'.

825 2378 840 2404 ,
953 2340 1008 2392 3.
1082 2338 1132 2393 6.
1171 2344 1307 2409 qum
1332 2338 1404 2392 de
1429 2354 1599 2393 carne
1625 2348 1822 2392 natum
1846 2350 1931 2394 est
1954 2340 2135 2392 erasit
2153 2355 2296 2393 corr.

827 2464 841 2489 ,
948 2427 1009 2479 4.
1049 2424 1134 2481 10.
1172 2425 1232 2480 di
1255 2436 1310 2480 et
1337 2424 1461 2496 quis
1485 2435 1570 2481 est
1596 2426 1689 2496 qui
1715 2442 1856 2481 corr.
1881 2444 1956 2481 m.
1968 2431 2036 2498 p.
2111 2438 2195 2496 51.
2233 2432 2369 2497 qum
2393 2441 2619 2480 erasum
2642 2432 2740 2479 est.

826 2554 840 2582 ‚
952 2514 1008 2571 5.
1082 2513 1134 2568 9.
1169 2513 1493 2584 grabattum
1518 2531 1592 2569 m.
1607 2517 1689 2585 p„
1715 2514 2032 2570 crabatturn
2055 2531 2199 2570 corr.
2455 2532 2462 2539 ·

810 2640 841 2667 „
920 2602 1011 2656 19.
1049 2602 1136 2657 31.
1175 2608 1312 2672 qfim
1335 2603 1723 2656 semi-erasum
1748 2609 1844 2657 est.

811 2729 844 2756 „
965 2729 999 2758 „
1049 2688 1137 2743 39.
1175 2689 1436 2745 auferens
1461 2707 1532 2743 m.
1549 2693 1632 2760 p„
1658 2690 1920 2745 adferens
1947 2707 2022 2745 m.
2048 2704 2098 2746 2.
2172 2691 2366 2761 ponda
2390 2708 2465 2745 m.
2478 2694 2563 2761 p„
2589 2689 2780 2760 pondo
2805 2707 2879 2745 m.
2905 2705 2956 2744 2.

776 2777 872 2831 Lc.
956 2776 1014 2831 2.
1089 2777 1139 2830 5.
1177 2794 1348 2832 uxore
1373 2794 1437 2832 su
1463 2794 1536 2830 m.
1553 2780 1663 2847 ῥυ·
1692 2778 2044 2847 perlineauit
2065 2795 2139 2832 m.
2166 2793 2217 2848 3.
2290 2777 2343 2833 ei
2370 2795 2444 2832 m.
2460 2781 2544 2849 p„
2571 2777 2676 2832 sibi
2703 2795 2780 2833 m.
2808 2793 2857 2847 3.

965 2901 998 2932 ‚,
1052 2863 1136 2918 10.
1174 2863 1550 2934 euangelizaui
1575 2881 1652 2918 m.
1665 2869 1748 2935 p„
1773 2865 1998 2920 addidit
2020 2882 2056 2919 o
2079 2883 2154 2920 m.
2180 2880 2228 2935 3.
2306 2880 2392 2935 29.
2429 2883 2498 2920 ex
2523 2883 2750 2920 erasum
2772 2871 2870 2920 est.

965 2989 998 3018 ,‚
1047 2951 1135 3006 42.
1172 2952 1259 3005 44.
1297 2951 1409 3006 diei
1435 2969 1510 3006 m.
1525 2956 1609 3023 p„
1639 2953 1654 3007 i
1673 2953 1788 3022 fin.
1814 2971 1978 3008 erasa
1999 2960 2098 3008 est.
2172 2968 2261 3022 43.
2298 2952 2499 3010 diebus
2526 2971 2600 3009 m.
2612 2957 2698 3025 p„
2724 2954 2865 3010 ebus
2887 2970 3113 3008 erasum
3136 2961 3233 3008 est.

965 3077 998 3106 ,‚
1047 3039 1134 3094 48.
1173 3037 1348 3094 uisio:
1389 3038 1406 3093 i
1431 3056 1532 3094 sec.
1556 3056 1721 3095 erasa
1743 3047 1840 3095 est.

831 3166 844 3192 ‚
955 3128 1012 3180 8.
1088 3126 1136 3181 1.
1174 3125 1420 3182 ituraeae
1446 3144 1520 3181 m.
1533 3130 1617 3197 p„
1642 3146 1679 3181 a
1691 3132 1790 3198 pr.
1813 3145 1978 3183 erasa
2001 3135 2096 3184 est.
2169 3127 2223 3183 6.
2260 3145 2392 3183 caro
2418 3146 2493 3183 m.
2508 3132 2592 3198 p„
2617 3145 2750 3184 cara
2774 3146 2848 3184 m.
2875 3137 3001 3184 rec&

966 3252 998 3281 ,‚
1087 3215 1136 3268 7.
1176 3221 1308 3268 σοι-5,
1332 3231 1408 3268 m.
1420 3219 1506 3286 p„
1530 3217 1710 3270 erasit
1727 3232 1768 3240 -
1785 3221 2074 3272 corrector.
2154 3230 2236 3285 19.
2274 3233 2411 3271 suae
2434 3233 2509 3271 m.
2522 3219 2607 3287 p„
2632 3216 2719 3271 sui
2744 3233 2885 3272 corr.
2912 3234 2986 3270 m.
3002 3220 3067 3286 p.

811 3336 844 3368 ‚2
954 3303 1014 3355 4.
1051 3300 1138 3355 29.
1176 3301 1589 3372 supercilicium
1615 3320 1689 3357 m.
1704 3307 1788 3373 p„
1815 3304 1865 3357 ci
1890 3320 1988 3358 sec.
2014 3321 2239 3358 erasum
2264 3310 2360 3358 est.

831 3431 844 3455 ,
954 3390 1008 3445 ’1.
1046 3389 1136 3443 22.
1172 3389 1452 3445 auditistis
1478 3407 1554 3444 m.
1566 3393 1650 3460 p„
1678 3389 1750 3445 tis
1758 3392 1873 3461 fin.
1897 3408 2123 3446 erasum
2148 3398 2246 3446 est.
2320 3406 2405 3460 32.
2445 3391 2502 3446 fo
2526 3409 2601 3446 m.
2618 3395 2700 3462 p„
2725 3409 2790 3446 ro
2814 3392 3041 3446 addzdit
3062 3409 3135 3447 m.
3162 3407 3210 3461 3.

830 3517 843 3543 ,
951 3480 1010 3534 8.
1049 3477 1136 3532 27.
1172 3493 1429 3548 neneque
1455 3495 1531 3532 m.
1543 3481 1628 3548 p„
1653 3495 1724 3533 ne
1739 3481 1835 3548 pr.
1862 3496 2088 3533 erasum
2112 3486 2209 3533 est.
2283 3479 2369 3548 36.
2407 3479 2555 3535 illilis
2580 3497 2653 3534 m.
2668 3483 2753 3551 p„
2782 3479 2819 3534 li
2832 3484 2931 3551 pr.
2955 3497 3181 3535 erasum
3207 3485 3303 3535 est.

969 3602 1002 3632 ‚,
1051 3565 1138 3618 43.
1176 3565 1794 3635 quemadmodmodum
1819 3583 1892 3620 m.
1909 3571 1993 3637 15.,
2019 3567 2153 3621 mod
2169 3570 2268 3637 pr.
2294 3584 2519 3622 erasum
2542 3573 2639 3624 est.

813 3690 843 3716 ,‚
958 3653 1014 3704 9.
1053 3651 1139 3705 29.
1177 3663 1404 3722 spectus
1427 3669 1652 3708 erasum
1677 3659 1776 3709 est.

816 3777 847 3804 „
920 3738 1012 3794 12.
1051 3739 1139 3794 21.
1178 3739 1512 3796 tensaurizat
1540 3758 1614 3795 m.
1630 3744 1711 3811 p„
1738 3759 1777 3795 n
1801 3757 1966 3795 erasa
1989 3748 2085 3797 est.

815 3865 846 3892 ,‚
924 3827 1014 3882 13.
1051 3826 1138 3881 23.
1177 3837 1234 3882 et
1257 3843 1483 3882 erasum
1507 3835 1604 3883 est.

817 3954 849 3979 „
921 3915 1013 3968 15.
1054 3913 1140 3968 12.
1176 3914 1413 3983 contigit
1439 3931 1515 3968 m.
1529 3919 1616 3985 p„
1641 3915 1914 3985 contingit
1938 3933 2014 3970 m.
2040 3932 2090 3984 3.

815 4041 847 4066 „
926 4000 1020 4057 16.
1091 4000 1142 4056 6.
1182 4000 1545 4072 cinquaginta
1569 4019 1642 4057 m.
1658 4007 1742 4073 p„
1767 4001 2172 4073 quinquaginta
2197 4021 2271 4060 m.
2298 4019 2349 4074 3.

977 4129 992 4156 ,
1091 4089 1140 4142 7.
1179 4088 1434 4145 uetuinta
1457 4107 1530 4144 m.
1545 4093 1630 4161 p„
1657 4089 1980 4160 octuaginta
2004 4107 2080 4144 m.
2105 4106 2156 4160 3.

816 4213 851 4242 „
923 4175 1015 4230 21.
1048 4175 1144 4230 39.
1181 4177 1527 4246 respondens
1553 4194 1626 4232 m.
1641 4181 1725 4248 p„
1751 4178 2156 4248 respondentes
2183 4196 2258 4232 m.
2286 4195 2337 4248 3.

786 4263 902 4317 Mc.
962 4265 1018 4317 6.
1058 4264 1144 4319 21.
1183 4273 1490 4334 opurtunus
1515 4281 1588 4320 m.
1603 4269 1686 4335 p„
1713 4274 2020 4336 oportunus
2045 4283 2186 4321 corr.
2216 4283 2289 4321 m.
2304 4270 2368 4337 p.

823 4390 855 4418 ,‚
927 4352 1020 4406 12.
1059 4351 1145 4406 32.
1185 4350 1262 4406 illi
1289 4351 1576 4416 scribam.
1589 4356 1672 4423 p„
1699 4353 1787 4409 ille
1813 4353 1968 4408 criba
1990 4370 2134 4409 corr.
2161 4371 2234 4409 m.
2250 4358 2316 4425 p.
2332 4357 2365 4410 ?
