4373 5048
1927 1355 2498 1434 MONITUM.

1021 1592 1288 1659 Codicis
1337 1613 1650 1659 numerus
1704 1601 1807 1660 est
1859 1593 2011 1658 Lat.
2063 1594 2239 1671 6224
2291 1592 2753 1658 Bibliothecae
2806 1593 3064 1680 Regiae
3123 1594 3563 1664 Monacensis.

845 1695 1003 1763 Fuit
1035 1697 1200 1763 olim
1225 1698 1668 1781 Frisingensis
1701 1713 1786 1777 24
1816 1697 1991 1762 inter
2014 1696 2299 1763 Cimelia
2328 1695 2392 1760 ii.
2422 1713 2519 1781 13.
2539 1695 2629 1762 A.
2652 1697 2714 1762 T
2719 1696 3163 1765 ischendorfio
3195 1701 3565 1785 ceterisque

843 1801 1030 1866 Noui
1059 1800 1480 1867 Testamenti
1509 1801 1748 1866 criticis
1788 1801 2008 1867 littera
2037 1823 2079 1884 q
2107 1801 2461 1886 insignitus
2491 1811 2630 1866 est:
2676 1801 2892 1867 ultimi
2924 1802 3063 1866 folii
3096 1812 3385 1888 ectypon
3416 1816 3563 1871 arte

845 1904 1333 1989 lithographica
1377 1905 1842 1988 reproductum
1888 1906 1957 1969 in
2003 1903 2326 1970 Silvestrii
2371 1906 2687 1989 operibus
2736 1904 3114 1986 Quatri2m2
3149 1908 3407 1988 Partie,
3449 1930 3561 1974 no,

851 2009 972 2090 158
1034 2008 1370 2092 reperitur.
1463 2007 1653 2074 Ordo
1713 2008 2236 2092 Euangeliorum
2296 2019 2399 2075 est
2460 2009 2841 2090 Mathaeus,
2893 2009 3252 2092 johannes,
3315 2012 3561 2094 Lucas,
3618 2093 3621 2098 ,

844 2111 1156 2178 Marcus:
1225 2111 1464 2177 Codex
1513 2111 1779 2177 saeculo
1838 2121 1991 2196 post
2045 2112 2384 2179 Christum
2436 2114 2725 2198 septimo
2783 2114 3183 2181 attribuitur.
3272 2115 3556 2182 Litteris

843 2215 1416 2280 semi-uncialibus
1476 2225 1793 2282 exaratus
1853 2224 1972 2296 est,
2021 2216 2233 2300 iisque
2290 2216 2480 2282 lineis
2539 2218 2781 2300 quibus
2841 2218 3194 2284 asteriscos
3253 2219 3554 2304 praefixi,

842 2320 1040 2386 uariis
1082 2320 1416 2386 coloribus
1459 2320 1746 2386 ornatis:
1793 2341 2051 2386 necnon
2095 2323 2223 2386 sub
2266 2321 2457 2406 signo
2486 2346 2587 2399 w,
2625 2321 2946 2406 imagines
2993 2324 3099 2388 uel
3146 2322 3215 2387 in
3258 2325 3559 2408 margine

841 2423 949 2490 uel
1008 2425 1076 2488 in
1137 2424 1287 2488 imis
1344 2423 1607 2509 paginis
1651 2424 1958 2508 depictas
2018 2425 2345 2502 indicaui3
2411 2427 2619 2490 uerba
2672 2427 2781 2491 uel
2829 2426 3093 2493 litterae
3142 2447 3317 2512 quae
3366 2427 3555 2494 uncis

839 2528 1267 2596 includuntur
1296 2550 1384 2593 ex
1419 2529 1669 2595 Codice
1698 2530 2054 2614 perierunt.

1012 2633 1259 2698 Manus
1295 2634 1550 2717 primae
1587 2633 1978 2718 scripturam
2017 2653 2169 2699 cum
2207 2633 2472 2716 punctis
2515 2642 2584 2700 et
2618 2633 2923 2719 spatiolis
2960 2634 3246 2701 fideliter
3285 2644 3555 2702 secutus

842 2757 1011 2817 sum,
1041 2738 1616 2829 correctionesque
1646 2737 1925 2804 aliarum
1967 2757 2283 2803 manuum
2323 2738 2388 2801 in
2430 2738 2679 2803 notulis
2718 2740 3037 2819 recensui,
3068 2739 3195 2803 nisi
3226 2740 3408 2823 quod
3440 2760 3553 2805 eas

838 2838 1094 2907 litteras
1123 2861 1290 2925 quas
1320 2862 1360 2906 a
1393 2862 1594 2906 manu
1625 2842 1838 2927 prima
1868 2842 2152 2908 omissas
2181 2841 2519 2926 suppleuit
2550 2843 2787 2907 eadem
2816 2862 3072 2921 manus,
3098 2841 3554 2926 lectionesque

837 2944 1314 3010 ecclesiasticas
1357 2962 1400 3008 a
1447 2964 1649 3010 manu
1695 2945 1983 3011 secunda
2029 2946 2309 3027 scriptas
2360 2946 2427 3009 in
2476 2946 2713 3009 eodem
2754 2944 2902 3009 loco
2942 2964 3145 3029 quem
3186 2945 3253 3009 in
3299 2945 3553 3013 Codice

833 3045 1103 3125 habent,
1133 3046 1316 3130 typis
1357 3048 1693 3113 commisi:
1741 3069 1914 3131 quae
1950 3047 2112 3113 folia
2156 3068 2246 3112 ex
2296 3047 2543 3113 Codice
2585 3048 2977 3114 exciderunt
3018 3048 3243 3114 uacuis
3287 3050 3550 3135 paginis

836 3149 1152 3233 expressi,
1182 3149 1615 3234 foliorumque
1655 3152 2264 3217 adnumerationem
2294 3162 2371 3217 ut
2416 3172 2589 3218 nunc
2630 3162 2872 3229 exstat,
2908 3154 3213 3235 quamuis
3256 3154 3546 3237 priscum
3578 3212 3583 3219 .

835 3252 1142 3318 foliorum
1190 3254 1496 3320 ordinem
1547 3256 1821 3338 restitui,
1867 3254 2151 3321 fideliter
2200 3256 2489 3321 reddidi:
2552 3256 2637 3321 de
2682 3256 2924 3340 quibus
2975 3256 3167 3340 plura
3216 3256 3284 3321 in
3330 3257 3547 3340 prole-

834 3356 1138 3439 gomenis
1169 3357 1450 3421 uidebis.
