4373 5048
580 358 746 408 xxn.
769 357 1069 422 27-xxn1.
1090 352 1197 421 μ]
1794 342 1930 405 MA
1948 341 2350 403 TTHEUM
2363 370 2380 389 ·
3508 358 3586 423 31

302 528 430 577 ποι.
457 528 555 576 60.
579 520 843 579 omnium
870 518 1081 578 defunc
1330 514 1375 548 ⁸⁶
1397 512 1677 591 Magister
1705 514 1867 591 quod
2136 512 2347 591 Neque
2376 530 2550 573 ausus
2577 522 2662 573 est
2889 510 2952 571 in
2977 513 3106 575 foro
3125 546 3139 561 ·
3185 524 3242 574 et
3270 532 3422 575 uoca
3620 525 3745 575 ποι.
3763 527 3860 575 eL·

580 623 639 673 ta
666 622 755 672 est
781 624 839 672 et
865 613 1069 671 mulier
1089 642 1103 659 ·
1330 617 1420 667 est
1446 608 1790 668 mandatum
2138 608 2448 685 quisquam
2473 628 2548 668 ex
2575 608 2616 668 il
2892 610 2939 667 ri
2969 611 3047 668 ab
3075 609 3411 669 hominibus

577 705 623 739 ²⁸
640 707 701 765 in
728 706 1070 766 resurrectio
1332 720 1617 779 magnum
1643 704 1703 762 in
1732 702 1861 779 lege
2134 702 2195 760 la
2223 701 2366 763 hora
2395 704 2610 763 interro
2891 704 3059 762 rabbi
3083 734 3098 749 ·
3141 702 3163 735 ⁸
3186 702 3315 762 Uos
3344 709 3478 763 aute

580 820 656 860 ne
684 818 825 877 ergo
854 800 1017 860 cuius
1042 795 1149 859 erit
1332 796 1378 830 ⁸⁷
1395 797 1497 855 Ihs
1525 806 1721 856 autem
1744 796 1887 856 dixit
1913 796 2004 855 ei·
2136 814 2278 871 gare
2307 814 2443 856 eum
2471 795 2650 874 ampli
2893 797 3070 858 nolite
3099 798 3297 858 uocari
3323 799 3432 857 rab

581 894 655 955 de
683 905 843 972 septe
869 912 1018 954 uxor
1040 925 1055 940 ·
1332 890 1536 966 diliges
1562 889 1707 949 dfim
1737 889 1840 950 dm
2136 906 2207 948 us
2229 920 2244 935 ·
2268 920 2281 935 ·
2303 921 2318 936 ·
2377 896 2478 950 28.
2508 888 2529 921 ¹
2549 891 2723 949 Tunc
2753 889 2844 949 ihs
2891 891 2986 950 bi·
3029 908 3180 949 unus
3207 900 3295 949 est
3321 898 3420 950 eni

581 987 809 1048 Omnes
834 988 993 1046 enim
1020 986 1178 1046 habu
1332 994 1499 1043 tuum
1524 984 1587 1042 in
1613 993 1737 1045 toto
1764 1002 1869 1044 cor
2137 983 2366 1043 locutus
2394 993 2483 1043 est
2509 983 2586 1043 ad
2615 994 2706 1043 tur
2893 984 3168 1062 magister
3191 1016 3208 1033 ·
3270 1004 3374 1045 om

578 1092 748 1141 erunt
773 1099 907 1140 eam
926 1111 943 1127 ·
1005 1078 1051 1113 ²⁹
1069 1080 1191 1139 Res
1334 1077 1538 1138 de'tuo
1564 1088 1623 1138 et
1648 1078 1710 1136 in
1737 1088 1860 1138 tota
2139 1079 2246 1137 bas
2273 1087 2330 1137 et
2357 1076 2434 1137 ad
2463 1077 2690 1155 discipu
2892 1096 2998 1137 nes
3025 1088 3223 1137 autem
3242 1096 3350 1138 uos

578 1174 847 1252 pondens
875 1185 1071 1234 autem
1333 1171 1531 1231 anima
1557 1182 1658 1231 tua
1684 1181 1743 1231 et
1770 1181 1892 1231 tota
2138 1171 2230 1231 los
2258 1189 2394 1232 suos
2420 1167 2444 1203 ²
2461 1171 2664 1231 dicens
2681 1202 2698 1221 ο
2891 1172 3094 1232 fratres
3121 1173 3256 1232 estis
3280 1203 3296 1219 ·

576 1270 667 1328 ihs
696 1268 774 1327 ait
795 1300 810 1315 ·
853 1286 1013 1329 erras
1334 1274 1608 1325 menente
1638 1274 1737 1323 tua
1759 1296 1774 1311 ·
2142 1263 2330 1341 Super
2360 1264 2638 1324 cathedra
2891 1267 2915 1300 ⁹
2930 1265 3008 1325 Et
3035 1276 3263 1344 patrem
3289 1265 3471 1326 nolite

482 1367 557 1427 fis
583 1364 906 1422 nescientes
1334 1360 1379 1393 ⁸⁸
1395 1360 1535 1420 Hoc
1565 1369 1653 1419 est
1678 1360 1932 1436 primum
1958 1367 2017 1417 et
2138 1358 2329 1434 moysi
2402 1357 2688 1418 Sederunt
2893 1379 3108 1421 uocare
3138 1360 3309 1420 uobis
3337 1378 3404 1419 su

578 1458 895 1533 scripturas
925 1475 1000 1515 ne
1334 1454 1657 1513 maximum
1683 1452 1905 1512 manda
2141 1453 2363 1511 scribae
2391 1462 2451 1511 et
2476 1452 2666 1511 farisei
2689 1484 2704 1501 ·
2894 1473 2998 1532 per
3028 1465 3242 1514 terram
3265 1485 3280 1501 ·

576 1568 691 1628 que
718 1551 991 1609 uirtutem
1018 1550 1077 1608 di
1102 1581 1117 1597 ·
1332 1557 1458 1607 tum
1483 1580 1497 1595 ·
1524 1580 1537 1594 ·
1582 1547 1627 1581 ⁸⁹
1647 1546 1925 1607 Secundfi
2139 1545 2161 1578 ⁸
2180 1546 2397 1607 Omnia
2425 1562 2566 1623 ergo
2595 1552 2788 1631 quecii
2893 1548 3069 1607 Unus
3096 1560 3184 1607 est
3210 1548 3368 1606 enim
3395 1565 3474 1624 pa

576 1643 622 1677 ⁸⁰
639 1644 713 1702 In
738 1644 1157 1703 resurrectione
1334 1652 1528 1701 autem
1558 1641 1742 1700 simile
1769 1651 1858 1700 est
2140 1658 2257 1717 que
2287 1640 2532 1699 dixerint
2558 1658 2639 1700 uo
2893 1653 2980 1703 ter
3007 1652 3196 1701 uester
3224 1641 3326 1719 qui

576 1737 733 1798 enirn
752 1768 767 1783 ·
811 1754 1000 1814 neque
1260 1735 1395 1794 huic
1418 1766 1433 1781 ·
1476 1734 1700 1811 Diliges
1725 1736 1895 1812 proxi
2139 1735 2230 1793 bis
2259 1751 2489 1793 seruare
2519 1752 2612 1793 ser
2893 1738 2955 1795 in
2985 1735 3160 1796 caelis
3185 1745 3274 1795 est
3297 1766 3312 1782 ·
3356 1732 3402 1768 ²⁰
3423 1752 3532 1794 nec

578 1832 807 1890 nubunt
833 1849 1022 1908 neque
1334 1846 1498 1887 mum
1524 1838 1692 1888 tuum
1721 1830 1867 1889 sicut
2136 1837 2272 1887 uate
2301 1838 2358 1887 et
2384 1826 2552 1888 facite
2893 1830 3188 1891 uocemini
3214 1828 3406 1905 magis

576 1943 789 1984 uxores
817 1924 1077 1983 ducunt·
1332 1932 1389 1981 te
1415 1923 1609 2001 ipsum
1629 1954 1643 1969 ·
1707 1920 1753 1955 ⁴⁰
1768 1923 1828 1980 in
1857 1922 1947 1981 his
2142 1921 2479 1981 Secundum
2507 1921 2662 1981 facta
2894 1924 2964 1983 tri
2982 1954 2997 1969 ·
3041 1942 3192 1982 unus
3221 1933 3309 1983 est
3335 1929 3434 1982 eni·

579 2019 696 2079 Sed
726 2028 863 2077 sunt
890 2018 1037 2078 sicut
1064 2037 1142 2077 an
1332 2016 1564 2076 duobus
1592 2016 1812 2076 manda
2138 2034 2281 2075 uero
2309 2034 2513 2077 eorum
2541 2034 2622 2075 no
2893 2018 3168 2095 magister
3195 2028 3386 2076 uester

578 2112 695 2190 geli
721 2113 782 2170 in
811 2111 974 2172 caelo
994 2157 1007 2171 .
1334 2112 1408 2170 tis
1436 2111 1709 2170 uniuersa
1734 2112 1829 2170 lex
2137 2110 2236 2169 lite
2263 2109 2452 2170 facere
2475 2140 2491 2157 ·
2536 2108 2594 2169 di
2893 2118 3006 2190 xps
3028 2144 3043 2159 ·
3085 2109 3129 2145 ¹²
3152 2113 3252 2190 qui
3279 2120 3473 2169 autem

577 2206 619 2241 ⁸¹
638 2206 731 2266 De
758 2206 1173 2267 resurrectione
1333 2205 1550 2282 pendet
1577 2216 1635 2263 et
1661 2205 1824 2284 profe
2138 2213 2280 2263 cunt
2308 2213 2366 2263 et
2391 2220 2516 2263 non
2543 2202 2656 2261 faci
2891 2207 3080 2266 maior
3107 2216 3196 2265 est
3221 2210 3417 2264 uestrii
3448 2236 3461 2250 ·

581 2309 777 2360 autem
803 2306 1104 2359 mortuoril
1334 2311 1426 2359 tae
1450 2330 1465 2346 ·
1528 2298 1573 2333 ⁴²
1589 2298 1978 2377 congregatis
2137 2309 2246 2358 unt
2266 2330 2281 2345 ·
2325 2299 2348 2331 ⁴
2364 2298 2624 2375 Alligant
2890 2300 2996 2360 erit
3023 2300 3280 2360 minister
3307 2317 3412 2358 ues

578 2450 703 2490 non
727 2430 944 2507 legistis
972 2430 1123 2507 qu⁰d
1334 2439 1531 2488 autem
1558 2427 1776 2487 fariseis
1804 2430 1863 2488 in
2138 2442 2334 2493 autem
2361 2432 2583 2493 honera
2609 2449 2716 2508 gra
2891 2441 2979 2491 ter
2998 2462 3013 2478 .
3076 2430 3122 2465 ²²
3139 2430 3236 2507 qui
3264 2438 3460 2487 autem
3486 2446 3562 2487 ex

579 2523 800 2584 dictmn
828 2534 918 2584 est
943 2524 1113 2584 uobis
1334 2524 1646 2600 terrogauit
1673 2541 1775 2583 eos
1802 2523 1893 2582 ihs
2135 2527 2235 2586 uia
2262 2537 2320 2587 et
2347 2527 2717 2605 inportabilia
2735 2558 2749 2573 -
2891 2524 3156 2584 altauerit
3186 2541 3248 2584 se
3276 2521 3441 2582 humi

580 2637 617 2677 a
650 2619 729 2678 do
759 2618 990 2678 dicente
1008 2649 1023 2665 ·
1067 2616 1113 2652 ⁸²
1128 2637 1243 2694 ego
1334 2615 1379 2649 ⁴²
1397 2616 1599 2676 dicens
1622 2648 1637 2664 ·
1686 2618 1829 2695 quid
1857 2636 1937 2678 uo
2136 2629 2196 2679 et
2223 2621 2510 2696 inponunt
2538 2637 2710 2696 super
2892 2619 3120 2678 liabitur
3143 2649 3158 2665 ·
3200 2627 3259 2676 et
3285 2617 3386 2692 qui

580 2729 713 2772 sum
741 2712 810 2772 ds
839 2712 1119 2772 abraham
1332 2711 1424 2770 bis
1452 2710 1675 2769 uidetur
1702 2711 1775 2770 de
1804 2730 1927 2790 xpo
2136 2713 2410 2772 humerus
2438 2713 2718 2773 homini-1·
2891 2731 2954 2773 se
2983 2711 3245 2771 humiliat
3271 2711 3402 2769 exal

576 2816 635 2865 et
663 2806 732 2865 ds
758 2806 914 2866 isaac
944 2816 1001 2864 et
1028 2805 1097 2864 ds
1334 2806 1496 2864 cuius
1524 2804 1673 2863 filius
1701 2815 1789 2864 est
1811 2836 1827 2852 ·
2136 2806 2337 2884 Digito
2364 2815 2558 2867 autem
2587 2825 2694 2867 suo
2721 2824 2802 2867 no
2887 2808 3100 2868 tabitur
3122 2837 3137 2852 ·
3157 2830 3239 2858 -r
3265 2829 3350 2858 -t

576 2900 747 2961 iacob
772 2931 785 2946 ·
808 2932 821 2946 ·
847 2931 861 2946 ·
908 2899 1049 2960 Non
1078 2908 1165 2958 est
1191 2899 1261 2959 ds
1333 2897 1555 2957 Dicunt
1572 2898 1626 2958 ei
1648 2897 1808 2957 dauit
1823 2928 1840 2945 ·
1862 2897 1995 2958 ⁴⁸ait
2136 2900 2265 2960 lunt
2291 2919 2527 2961 mouere
2555 2920 2626 2962 ea
2642 2933 2744 2948 ·—
2842 2901 2872 2937 *
2891 2901 2936 2936 ²⁰
2954 2899 3083 2960 Uae
3111 2910 3305 2960 autem
3333 2897 3502 2960 uobis

576 3003 938 3054 mortuorum
968 2992 1071 3053 sed
1331 2992 1441 3051 illis
1464 3022 1479 3038 ·
1523 2993 1823 3068 quomodo
2134 2995 2157 3028 ⁶
2175 2995 2397 3056 Omnia
2424 3005 2617 3055 autem
2647 3013 2762 3072 ope
2840 2995 2872 3029 *¹
2893 2996 3080 3057 scribe
3107 3004 3167 3054 et
3191 2993 3380 3052 farisei

576 3087 895 3146 uiuentium
913 3119 928 3134 ·
971 3087 1015 3120 ⁸³
1031 3097 1088 3147 et
1116 3105 1193 3147 au
1331 3104 1474 3162 ergo
1502 3085 1676 3144 dauid
1704 3087 1766 3144 in
1794 3104 1903 3162 spu
1928 3120 1941 3136 ·
2134 3108 2201 3150 ra
2231 3107 2335 3149 sua
2361 3089 2580 3150 faciunt
2601 3121 2616 3137 ·
2647 3100 2712 3150 ut
2839 3087 2869 3123 *
2890 3089 3226 3167 hypocritae
3245 3120 3329 3130 --

578 3180 801 3240 dientes
827 3183 1030 3240 turbae
1333 3181 1477 3239 dfim
1504 3198 1639 3239 eum
1667 3190 1841 3240 uocat
1868 3180 1929 3239 di
2135 3183 2443 3242 uideantur
2470 3185 2546 3242 ab
2573 3183 2654 3243 ho
2841 3182 2871 3215 *
2892 3183 3026 3260 quia
3055 3182 3334 3242 edificatis

577 3276 934 3334 mirabantur
960 3276 1022 3333 in
1334 3292 1476 3334 cens
1498 3306 1512 3321 ·
1577 3273 1622 3307 ⁴¹
1644 3273 1809 3333 Dixit
1836 3275 1948 3335 dns
2136 3277 2389 3336 minibus
2412 3308 2427 3323 ·
2473 3276 2732 3338 Dilatant
2842 3275 2874 3309 ¹¹
2896 3277 3205 3356 sepulchra
3232 3295 3343 3353 pro

578 3368 903 3428 doctrinam
931 3369 1055 3428 eius
1072 3401 1173 3416 ·-
1334 3369 1455 3428 dfio
1482 3386 1617 3429 meo
1648 3368 1786 3428 sede
1816 3369 1893 3429 ad
2136 3372 2296 3430 enim
2326 3372 2602 3431 filacteria
2843 3369 2874 3402 *
2894 3370 3140 3430 fetarum
3159 3401 3173 3418 ·
3216 3381 3275 3429 et
3300 3387 3368 3430 or

578 3461 623 3494 ⁸⁴
639 3461 897 3521 Pharisei
924 3472 1118 3522 autem
1148 3481 1225 3522 au
1333 3463 1599 3524 dextram
1627 3481 1823 3523 meam
1848 3495 1861 3510 ·
2138 3459 2278 3525 sua'·
2321 3476 2381 3525 et
2409 3466 2651 3543 magnifi
2892 3464 3043 3523 natis
3069 3481 3392 3524 monumen

578 3555 800 3614 dientes
868 3555 1027 3633 quod
1056 3556 1103 3614 si
1334 3556 1523 3617 donec
1552 3575 1775 3635 ponam
1804 3556 1886 3615 ini
2138 3570 2278 3620 cant
2305 3560 2575 3619 fimbreas
2891 3567 2952 3616 ta
2979 3559 3260 3616 iustorum
3285 3556 3332 3589 ⁸⁰
3345 3565 3405 3614 et

577 3649 817 3708 lentium
844 3649 1099 3727 inposuit
1333 3649 1520 3711 micos
1548 3661 1679 3709 tuos
1706 3651 1817 3708 sub
1846 3668 1922 3726 pe
2138 3655 2622 3715 uestimentorum
2893 3651 3079 3710 dicitis
3107 3651 3240 3728 quia
3269 3650 3316 3709 si
3343 3649 3406 3708 fu

579 3742 883 3801 sadduceis
901 3774 916 3789 ·
964 3761 1080 3802 con
1333 3744 1503 3803 dibus
1530 3744 1641 3802 tuis
1660 3775 1674 3790 ·
1738 3743 1783 3778 ⁴⁵
1804 3743 1862 3802 Si
1891 3763 1953 3803 er
2138 3765 2380 3808 suorum
2403 3779 2418 3794 ·
2483 3748 2504 3781 ⁰
2521 3747 2741 3808 Amant
2892 3746 3140 3804 issemus
3166 3744 3228 3801 in
3257 3742 3350 3803 die

576 3844 861 3894 uenerunt
887 3836 949 3894 in
974 3846 1162 3894 unu-·
1333 3855 1413 3913 go
1443 3836 1621 3896 dauid
1648 3847 1827 3896 uocat
1854 3841 1930 3896 eii
2140 3851 2334 3900 autem
2361 3841 2614 3918 primum
2893 3841 3004 3898 bus
3029 3848 3260 3915 patrum
3287 3854 3400 3897 nos

578 3929 625 3963 ³³
640 3929 717 3988 Et
746 3929 1122 4005 interrogauit
1334 3930 1478 3989 dfim
1502 3961 1515 3978 ·
1560 3930 1865 4007 quomodo
2137 3935 2463 3994 recubitum
2491 3935 2554 3994 in
2581 3953 2700 3994 con
2895 3942 3112 3992 trorum
3136 3963 3152 3978 ·
3197 3950 3318 3990 non
3345 3949 3410 3990 es

578 4041 716 4082 eum
742 4040 893 4082 unus
922 4041 997 4081 ex
1024 4022 1135 4081 illis
1336 4022 1484 4082 filius
1510 4024 1633 4082 eius
1658 4033 1747 4082 est
1768 4055 1783 4070 ·
1826 4024 1871 4056 ⁴⁶
1884 4033 1945 4082 et
2138 4025 2310 4088 uiuiis
2333 4059 2348 4076 ·
2389 4038 2448 4088 et
2476 4029 2692 4106 primas
2895 4043 3090 4086 semus
3119 4025 3260 4085 socii
3287 4031 3430 4085 eon-1

577 4117 719 4194 legis
747 4115 953 4176 doctor
972 4147 987 4163 ·
1042 4124 1162 4174 tem
1335 4136 1513 4177 nemo
1538 4127 1767 4195 poterat
1794 4135 1887 4177 res
2140 4122 2444 4183 cathedras
2472 4123 2493 4156 ⁷
2511 4123 2572 4181 in
2601 4141 2748 4199 syna
2894 4121 2956 4179 in
2985 4120 3267 4197 sanguine
3294 4138 3405 4196 pro

577 4220 711 4270 tans
738 4228 873 4269 eum
902 4219 961 4270 et
986 4208 1186 4269 dicens
1334 4209 1591 4288 pondere
1618 4210 1671 4268 ei
1698 4211 1930 4270 uerbu·
2138 4217 2312 4294 gogis
2331 4249 2346 4265 .
2389 4227 2446 4276 et
2475 4217 2743 4278 salutatio
2895 4213 3140 4275 fetarum
3164 4245 3179 4261 .
3222 4211 3494 4292 ⁸}1taque

2657 4327 2764 4372 nes
