4373 5048
550 369 741 421 xxvl.
766 364 986 434 34-58.]
1813 350 1951 411 MA
1967 349 2032 410 T
2027 350 2092 410 T
2081 350 2226 410 HE
2230 337 2293 408 ᾗ
2305 378 2322 395 ⁰
2751 364 2756 367 '
3483 358 3565 429 37

248 536 386 585 rol.
409 534 502 587 72.
565 530 724 609 quod
753 529 865 591 bac
892 540 1030 589 note
1062 547 1139 589 an
1315 525 1393 586 Et
1420 526 1500 586 ait
1524 534 1693 603 petro
1713 554 1728 571 ·
1788 523 1874 584 sic
2118 532 2177 581 et
2205 538 2340 580 cum
2370 536 2444 579 eo
2471 520 2642 579 turba
2871 534 3087 595 rogare
3113 526 3327 595 patre·-
3597 534 3722 585 rol.
3744 534 3835 586 ⁹18.

554 634 797 701 tequam
830 623 1019 701 gallus
1312 637 1437 679 non
1463 618 1730 696 potuistis
1754 636 1795 677 u
2118 616 2302 674 multa
2328 632 2464 674 cum
2491 614 2591 691 gla
2871 630 3070 672 meum
3093 644 3108 659 ·
3170 621 3230 673 et
3255 611 3390 671 exhi

552 726 751 778 cantet
771 749 786 764 ·
845 726 933 776 ter
961 734 1058 776 me
1312 731 1391 771 na
1418 713 1563 774 hora
1588 711 1829 788 uigilare
2116 708 2228 769 diis
2255 718 2316 767 et
2343 708 2586 767 fustibus
2873 707 3032 767 bebit
3059 707 3202 765 mihi
3228 707 3362 784 plus

552 811 800 888 negabis
819 841 834 857 ·
876 808 923 844 ⁸⁸
939 810 1038 868 Ait
1064 808 1146 868 illi
1310 822 1543 866 mecum
1565 836 1580 851 ·
1621 804 1667 839 ⁴¹
1683 804 1860 883 uigila
2116 803 2282 861 missi
2311 820 2347 861 a
2371 800 2623 879 principi
2872 818 3050 877 quam
3081 800 3332 861 duodeci

553 914 753 982 petrus
807 902 983 963 etiam
1309 906 1367 958 te
1395 907 1454 959 et
1486 908 1644 958 orate
1671 908 1737 957 ut
1762 908 1876 958 non
2116 896 2229 955 bus
2262 894 2574 955 sacerdotii
2870 895 3134 972 legiones
3159 912 3315 972 ange

556 998 608 1057 si
637 1015 733 1057 me
766 1007 1016 1073 oportue
1310 991 1533 1051 intretis
1559 992 1621 1050 in
1648 1000 1769 1050 tem
2114 998 2174 1049 et
2201 990 2523 1049 senioribus
2869 987 3062 1049 lorum
3081 1018 3096 1035 ·
3139 988 3184 1022 '⁵‘
3200 996 3416 1066 quom⁰

553 1091 623 1149 rit
655 1090 805 1151 mori
822 1099 1017 1149 tecum
1308 1086 1594 1144 tationem
1616 1116 1632 1131 ·
1692 1090 1793 1161 sps
2116 1082 2322 1161 populi
2341 1114 2356 1130 ·
2399 1082 2444 1116 ⁴⁸
2459 1082 2558 1160 qui
2585 1100 2663 1142 au
2873 1080 2952 1142 do
2979 1100 3121 1159 ergo
3155 1082 3333 1159 imple

552 1202 677 1245 non
706 1194 763 1243 te
790 1184 1023 1260 negabo
1044 1212 1059 1229 ·
1311 1178 1549 1255 quidem
1576 1188 1841 1255 promtus
2119 1186 2240 1237 tem
2266 1176 2502 1236 tradidit
2526 1181 2603 1235 esi
2873 1177 3087 1236 buntur
3115 1176 3266 1255 scrip

555 1276 823 1337 Similiter
849 1285 1046 1335 autem
1312 1288 1455 1331 caro
1483 1281 1678 1331 autem
1706 1272 1839 1330 infir
2119 1269 2281 1331 dedit
2305 1269 2414 1329 illis
2441 1270 2614 1347 signil
2873 1280 3038 1329 turae
3063 1270 3202 1346 quia
3229 1270 3316 1330 sic

555 1379 616 1429 et
642 1387 852 1429 omnes
878 1368 1103 1447 discipu
1316 1383 1415 1425 ma
1433 1395 1448 1411 ·
1491 1364 1537 1399 ⁴²
1552 1364 1773 1425 Iterum
1799 1383 1864 1425 se
2122 1364 2327 1425 dicens
2381 1368 2635 1441 quemcu
2877 1374 3106 1441 oportet
3135 1364 3256 1424 fieri
3275 1366 3306 1408 ‘³

556 1462 599 1521 li
626 1462 893 1522 dixerunt
914 1492 929 1511 ·
956 1493 971 1509 ·
1317 1458 1514 1519 cundo
1542 1458 1749 1519 abiens
1774 1477 1813 1519 o
2123 1476 2239 1535 que
2266 1456 2566 1517 osculatus
2877 1458 2924 1493 ⁸⁸
2941 1458 3014 1517 In
3041 1458 3139 1517 illa
3165 1476 3270 1519 ora
3295 1456 3440 1519 dixit

526 1555 607 1591 *θ’
621 1556 798 1616 Tunc
828 1557 989 1617 uenit
1014 1556 1105 1615 ihs
1318 1552 1467 1612 rauit
1492 1552 1699 1612 dicens
1716 1582 1731 1599 ·
2124 1552 2290 1612 fuero
2315 1552 2441 1629 ipse
2469 1559 2558 1611 est
2877 1553 2969 1613 ihs
3001 1553 3186 1612 turbis
3208 1583 3224 1599 ·
3273 1552 3338 1611 Si

528 1650 703 1711 *cum
730 1650 840 1710 illis
862 1682 877 1697 ·
935 1651 997 1708 in
1025 1667 1130 1728 pre
1320 1646 1491 1705 Pater
1518 1662 1685 1705 meus
1714 1644 1761 1705 si
1794 1656 1907 1704 non
2125 1655 2323 1705 tenete
2347 1664 2485 1705 eum
2509 1675 2524 1691 ·
2567 1645 2613 1679 ⁴⁹
2629 1642 2708 1702 Et
2880 1656 2980 1707 cut
3007 1646 3082 1705 ad
3110 1646 3338 1707 latrone

528 1742 725 1804 *dium
750 1742 912 1819 quod
939 1744 998 1802 di
1319 1748 1515 1817 potest
1540 1738 1657 1798 hoc
1687 1748 1818 1799 tran
2127 1739 2442 1799 confestim
2469 1756 2609 1799 acce
2880 1741 3122 1801 uenistis
3150 1758 3290 1800 cum

530 1839 715 1897 *citur
741 1854 1011 1913 gessema
1320 1834 1435 1892 sire
1462 1851 1499 1893 a
1524 1850 1621 1892 me
1648 1832 1757 1891 nisi
1785 1831 1825 1890 il
2129 1834 2276 1895 dens
2305 1833 2382 1893 ad
2408 1833 2530 1892 ihm
2560 1831 2705 1892 dixit
2731 1861 2747 1878 ·
2881 1834 3090 1912 gladiis
3117 1846 3176 1894 et
3201 1833 3338 1894 fusti

530 1932 631 1991 *ni
648 1962 663 1978 .
724 1942 783 1990 et
809 1931 946 1991 dicit
973 1931 1061 1992 dis
1321 1924 1423 1985 lud
1451 1926 1651 1984 bibam
1712 1926 1815 1986 fiat
2128 1928 2282 1989 haue
2307 1928 2473 1987 rabbi
2493 1958 2508 1974 ·
2567 1935 2628 1987 et
2653 1943 2724 1987 os
2885 1930 2994 1989 bus
3021 1928 3351 2005 conprehen

530 2024 775 2103 ¹*cipulis
802 2026 921 2085 suis
991 2042 1055 2083 se
1318 2018 1611 2079 uolumtas
1639 2030 1739 2078 tua
1761 2050 1776 2065 ·
2128 2022 2354 2083 culatus
2381 2031 2470 2081 est
2496 2038 2634 2081 eum
2652 2051 2667 2067 ·
2883 2021 3021 2082 dere
3047 2039 3144 2081 me
3161 2052 3177 2069 ·
3221 2020 3380 2082 Cotti

562 2119 695 2179 dete
722 2118 817 2179 hic
844 2118 1037 2180 donec
1319 2112 1363 2145 ⁴³
1384 2111 1461 2171 Et
1486 2112 1731 2171 ueniens
1757 2111 1893 2171 inne
2126 2115 2175 2151 ⁶⁰
2190 2118 2274 2176 At
2297 2116 2387 2175 ihs
2413 2114 2558 2175 dixit
2583 2113 2662 2172 illi
2678 2143 2694 2160 ·
2884 2116 2977 2175 die
3004 2116 3164 2193 apud
3189 2133 3300 2175 uos
3330 2134 3395 2176 se

564 2232 638 2273 eo
668 2212 802 2273 illuc
830 2229 997 2272 orare
1018 2242 1035 2259 ·
1318 2206 1404 2266 nit
1431 2223 1535 2265 eos
1562 2206 1769 2264 iterum
2127 2212 2316 2271 amice
2343 2228 2380 2270 a
2404 2208 2564 2287 quod
2597 2226 2673 2267 ue
2884 2208 3098 2269 debam
3123 2210 3186 2267 in
3213 2218 3333 2269 tem

562 2308 609 2341 ⁸⁷
625 2306 704 2366 Et
730 2306 1000 2367 adsumto
1033 2315 1201 2383 petro
1319 2300 1677 2360 dormientes
1699 2330 1713 2345 ·
2128 2306 2304 2365 nisti·
2363 2313 2503 2364 tunc
2533 2320 2677 2361 acce
2884 2302 2985 2381 plo
3016 2303 3230 2363 docen⁸
3253 2312 3313 2363 et
3338 2312 3456 2364 n⁰n

563 2410 623 2461 et
649 2400 883 2460 duobus
912 2399 1042 2460 filiis
1319 2401 1486 2453 erant
1511 2393 1671 2451 enim
2129 2398 2338 2458 dentes
2365 2414 2578 2456 manus
2609 2396 2673 2453 in
2885 2414 2982 2457 me
3009 2398 3271 2457 tenuistis
3293 2428 3310 2445 ·

565 2531 804 2592 zebedei
826 2562 842 2577 ·
899 2532 1094 2608 coepit
1323 2524 1480 2585 oculi
1508 2543 1711 2586 eorum
1739 2543 1847 2602 gra
2128 2530 2388 2589 iecerunt
2411 2530 2473 2586 in
2500 2528 2624 2587 ihm
2881 2527 2926 2563 ⁸⁸
2943 2527 3085 2589 Hoc
3113 2540 3310 2590 autem
3337 2538 3530 2591 totum

565 2626 847 2686 cotristari
876 2634 935 2684 et
962 2643 1089 2684 mes
1325 2620 1444 2679 uati
1466 2651 1481 2665 ·
1524 2619 1571 2654 ⁴⁴
1589 2628 1647 2678 et
1672 2619 1885 2679 relictis
2128 2633 2189 2682 et
2215 2632 2524 2684 tenuerunt
2551 2631 2626 2684 eii
2880 2622 3101 2682 factum
3127 2633 3215 2683 est
3237 2655 3252 2672 ·
3311 2634 3376 2683 ut
3401 2625 3484 2684 im

564 2729 659 2778 tus
687 2737 815 2779 esse
837 2749 852 2765 ·
902 2718 945 2752 ’θ
967 2719 1143 2779 Tunc
1323 2712 1433 2773 illis
1460 2713 1665 2774 abiens
1692 2731 1799 2772 ora
2130 2717 2173 2751 ⁸¹
2192 2717 2270 2776 Et
2289 2735 2429 2778 ecce
2455 2735 2609 2778 unus
2637 2735 2712 2778 ex
2741 2716 2833 2778 his
2880 2715 3176 2793 plerentur
3203 2718 3356 2795 scrip

565 2813 646 2874 ait
672 2812 782 2872 illis
854 2812 1029 2872 tristis
1323 2807 1410 2867 uit
1433 2807 1640 2866 iterum
1667 2806 1834 2866 tertio
2128 2812 2230 2888 qui
2257 2819 2423 2870 erant
2450 2829 2588 2872 cum
2882 2819 3045 2870 turae
3071 2811 3414 2888 profetaru-
3433 2844 3450 2860 ·

565 2917 656 2968 est
681 2907 940 2967 animam
968 2916 1149 2966 mea·-
1322 2899 1576 2960 eundem
1604 2917 1799 2959 sermo
2127 2906 2229 2965 ihu
2261 2905 2588 2966 extendens
2885 2903 3062 2965 Tunc
3089 2905 3356 2983 discipuli
3383 2924 3485 2968 om

563 3019 789 3079 usquae
816 3001 893 3060 ad
918 3011 1158 3061 morte-
1178 3031 1193 3047 .
1322 3011 1462 3054 nem
1488 2994 1695 3053 dicens
1712 3025 1727 3041 ·
2128 3017 2371 3058 manum
2398 3000 2614 3059 exemit
2884 3016 2993 3059 nes
3048 2999 3322 3060 derelicto
3350 3018 3426 3061 eo

566 3097 839 3156 sustinete
868 3095 963 3155 hic
991 3103 1050 3154 et
1319 3087 1365 3122 ⁴⁸
1386 3087 1563 3149 Tunc
1588 3087 1748 3148 uenit
1777 3087 1853 3148 ad
1879 3086 1970 3148 dis
2128 3092 2388 3171 gladium
2417 3110 2588 3152 suum
2613 3126 2629 3142 ·
2723 3085 2734 3094 ’
2886 3091 3160 3170 sugerunt
3177 3125 3192 3141 ·
3235 3093 3373 3155 ⁵⁷At
3392 3094 3473 3155 illi

564 3189 800 3267 uigilate
833 3206 1067 3249 mecum
1088 3219 1104 3236 ·
1320 3180 1549 3260 cipulos
1576 3194 1633 3242 et
1663 3182 1800 3243 dicit
2127 3196 2186 3246 et
2213 3188 2499 3264 percussit
2526 3206 2617 3249 ser
2883 3198 3150 3248 tenentes
3181 3188 3303 3248 ihm
3326 3220 3343 3237 ·

566 3284 611 3318 ⁸⁹
627 3283 704 3343 Et
729 3301 1067 3360 progressus
1092 3300 1175 3361 pu
1320 3277 1404 3336 eis
1422 3307 1437 3322 ·
1480 3274 1731 3336 dormite
1754 3277 1875 3337 iam
2126 3299 2270 3341 uum
2298 3280 2576 3358 principis
2885 3280 3194 3342 Duxerunt
3219 3282 3296 3342 ad
3323 3284 3452 3345 caia

566 3377 755 3437 smum
778 3407 794 3424 .
856 3378 1023 3454 proci
1321 3379 1379 3429 et
1399 3371 1738 3448 requiescite
1761 3400 1777 3417 ·
2130 3373 2504 3434 sacerdotum
2529 3407 2542 3422 ·
2591 3387 2654 3438 et
2886 3373 2987 3434 fan
3019 3375 3346 3454 principem

568 3471 652 3531 dit
678 3471 740 3529 in
764 3469 974 3530 faciem
1001 3479 1155 3530 sua·-
1171 3500 1187 3517 ·
1319 3482 1459 3524 ecce
1487 3465 1545 3524 ia
1572 3464 1820 3542 adpropi
2130 3469 2455 3544 amputauit
2481 3471 2606 3530 auri
2886 3468 3263 3529 sacerdotum
3281 3501 3297 3517 ·
3367 3469 3430 3530 U

569 3581 747 3624 orans
776 3575 835 3624 et
862 3564 1066 3624 dicens
1090 3595 1105 3611 ·
1321 3560 1442 3618 auit
1467 3558 1615 3619 hora
1682 3568 1741 3619 et
1767 3559 1847 3618 fili
2131 3561 2326 3622 culam
2354 3564 2480 3622 eius
2506 3594 2522 3611 ·
2887 3563 2948 3621 bi
2977 3559 3201 3623 scribae
3228 3572 3288 3623 et
3315 3564 3442 3624 seni

568 3657 743 3720 Pater
771 3676 937 3718 meus
964 3659 1012 3717 si
1038 3675 1153 3736 pos
1321 3669 1391 3713 us
1420 3652 1675 3712 hominis
1701 3663 1790 3712 tra
2130 3653 2178 3690 ⁸³
2196 3655 2372 3716 Tunc
2398 3658 2478 3716 ait
2504 3657 2583 3717 illi
2608 3657 2700 3720 ihs
2889 3673 3022 3716 ores
3051 3669 3448 3720 conuenerant
3463 3691 3480 3708 ·

570 3753 735 3814 sibile
761 3761 851 3812 est
902 3761 1063 3812 trans
1323 3746 1493 3806 detur
1519 3747 1581 3806 in
1608 3764 1821 3808 manus
2130 3760 2409 3810 conuerte
2435 3751 2596 3828 gladi
2889 3749 2935 3784 ⁸⁸
2954 3751 3159 3811 Petrus
3185 3762 3381 3812 autem
3410 3755 3548 3832 seq5

506 3909 513 3914 ,
573 3857 697 3907 seat
724 3865 761 3906 a
788 3865 883 3905 me
913 3846 1062 3906 calix
1090 3846 1143 3906 is
1321 3849 1701 3921 peccatorum
1724 3871 1739 3888 ·
2128 3862 2234 3902 um
2260 3853 2424 3904 tuum
2452 3845 2514 3904 in
2541 3845 2677 3907 loco
2889 3845 3059 3904 batur
3085 3863 3224 3905 eum
3250 3866 3287 3906 a
3313 3847 3510 3925 longe,

572 3952 631 4001 te
655 3973 671 3988 ·
737 3939 853 3999 Sed
881 3951 1084 4000 tamen
1322 3934 1369 3968 ⁴⁸
1384 3934 1598 4010 surgite
1625 3951 1827 3994 eamus
2132 3956 2242 3998 suo
2264 3968 2279 3985 ·
2344 3955 2552 4000 omnes
2887 3957 3072 4018 usque
3099 3941 3162 4000 in
3187 3942 3398 4001 atrium

572 4053 697 4096 non
725 4035 871 4094 sicut
898 4051 1012 4110 ego
1033 4052 1111 4094 uo
1326 4045 1462 4087 ecce
1490 4027 1859 4105 adpropiauit
2131 4032 2292 4091 enim
2318 4033 2420 4109 qui
2448 4034 2636 4111 accipi
2887 4035 3166 4112 principis
3184 4037 3428 4096 sacerdo

572 4128 633 4190 lo
662 4128 767 4189 sed
794 4129 943 4188 sicut
967 4137 1031 4186 tu
1053 4158 1069 4174 ·
1326 4122 1427 4198 qui
1454 4139 1551 4180 me
1579 4121 1768 4183 tradet
1791 4153 1806 4170 ·
2130 4136 2240 4185 unt
2265 4126 2524 4204 gladium
2547 4159 2562 4175 ·
2888 4138 3013 4188 tum
3036 4160 3052 4177 ·
3111 4138 3171 4188 et
3195 4130 3390 4208 ingres
3422 4131 3486 4192 in

573 4224 621 4257 ⁴⁰
635 4223 713 4283 Et
738 4221 896 4281 uenit
926 4221 1003 4280 ad
1030 4219 1173 4281 disci
1325 4215 1454 4276 ⁴''Et
1469 4215 1661 4276 adhuc
1677 4234 1750 4276 eo
1765 4215 2028 4296 loquente
2132 4220 2331 4297 gladio
2351 4222 2624 4297 peribunt
2640 4254 2655 4271 ·
2885 4231 2978 4282 tro
3001 4253 3017 4270 ·
3079 4224 3322 4284 sedebat
3348 4235 3476 4285 cu·-

574 4317 743 4397 pulos
770 4332 910 4375 suos
937 4324 997 4374 et
1022 4315 1085 4373 in
1325 4329 1465 4371 ecce
1492 4309 1657 4370 iudas
1682 4328 1835 4370 unus
2134 4315 2180 4348 ⁶⁸
2195 4315 2317 4374 Aut
2341 4334 2462 4376 non
2490 4328 2662 4393 putas
2887 4317 3164 4378 ministris
3188 4327 3256 4378 ut
3280 4320 3416 4380 uide

575 4412 735 4473 uenit
760 4427 863 4471 eos
880 4407 1078 4469 dormi
1329 4405 1405 4465 de
1433 4403 1749 4465 duodecim
1776 4406 1936 4466 uenit
2137 4425 2314 4484 posse
2342 4426 2438 4469 me
2465 4409 2648 4471 modo
2891 4421 2980 4472 ret
3007 4412 3229 4473 exitum
3255 4413 3337 4472 rei
3360 4445 3375 4461 ·
3401 4445 3418 4462 ο
3445 4447 3525 4461 -

928 4512 1091 4563 entes
