4373 5048
927 408 1050 477 150
1789 389 2250 455 EDJTORJS
2296 390 2758 453 NOTULAE.

923 568 1044 623 Fol.
1070 566 1156 621 88.
1211 579 1261 633 7.
1299 566 1496 621 inuluit
1519 582 1595 619 m.
1603 568 1688 636 μ,
1713 581 1749 620 o
1773 568 2048 635 superscr.
2073 580 2219 620 corr.
2244 582 2319 619 m.
2327 567 2397 635 p.
2474 579 2557 619 10.
2591 563 2967 635 euangelizaui
2992 581 3067 619 m.
3074 568 3159 636 p.,
3182 564 3409 621 addidit
3426 582 3465 623 o
3482 584 3627 623 corr.

1065 668 1138 705 m.
1201 688 1218 705 .

921 748 967 801 F
971 748 1040 801 ol.
1067 665 1204 801 883.
1262 757 1344 812 17.
1381 744 1521 799 Post
1555 745 1626 800 de
1662 761 1759 799 uer
1793 743 2020 799 addidit
2051 745 2299 812 incun'a,
2324 752 2424 799 unt
2459 760 2533 798 m.
2537 746 2604 814 p.
2634 743 2823 815 (lapsu
2858 743 3072 800 calami
3100 762 3177 799 ex
3204 746 3625 817 cognouerunt),

1061 828 1220 899 quod
1232 830 1412 882 erasit
1431 828 1620 882 eadem
1646 844 1869 881 manus.
1940 841 2026 883 21.
2062 828 2138 882 In
2162 830 2426 899 margine
2447 828 2675 898 sempsit
2695 844 2772 883 m.
2796 842 2847 882 2.
2920 829 2954 885 ÷
2980 828 3037 883 in
3062 830 3267 885 octaba
3290 830 3388 885 (1ῆῖ
3409 831 3463 889 ·Ι·.

922 929 1040 984 Fol.
1066 928 1154 983 89.
1209 942 1296 983 22.
1332 927 1486 983 ilium
1507 932 1786 998 superscr.
1809 944 1955 983 corr.
1980 944 2056 981 m.
2063 930 2131 998 p.

921 1031 968 1084 F
971 1029 1043 1084 ol.
1069 1029 1138 1083 89
1153 1028 1208 1084 b.
1261 1043 1346 1098 29.
1385 1030 1473 1083 Ex
1497 1034 1628 1082 ante
1653 1045 1799 1083 nunc
1821 1044 2049 1081 erasum
2071 1033 2168 1085 est.
2242 1025 2453 1082 dimitis
2478 1030 2645 1099 ηιμ,
2668 1038 2693 1083 t
2716 1031 2991 1099 superscr.
3014 1045 3158 1084 corr.
3185 1046 3259 1085 m.
3262 1033 3329 1101 p.
3420 1044 3506 1099 34.
3538 1040 3627 1108 tre

1061 1113 1124 1167 in
1151 1123 1386 1167 matrem
1409 1114 1475 1166 in
1499 1128 1709 1165 rasura
1732 1113 2009 1181 scriptum
2032 1116 2130 1165 est.

922 1214 1041 1268 Fol.
1065 1212 1152 1267 90.
1204 1224 1290 1281 37.
1325 1212 1576 1268 octuinta
1596 1228 1672 1265 ex·
1691 1220 1858 1267 noctu
1883 1217 1953 1265 ut
1974 1210 2168 1278 udtur,
2194 1212 2443 1266 correxit
2466 1228 2540 1265 m.
2547 1214 2613 1282 p.
2697 1226 2785 1280 41.
2824 1212 3090 1267 solemnis
3116 1230 3189 1267 m.
3198 1216 3281 1284 μ,
3306 1214 3323 1267 1
3348 1216 3623 1287 superscr.

1060 1312 1204 1351 corr.
1229 1299 1378 1367 ηιμ
1451 1310 1538 1364 42.
1576 1296 1592 1350 i
1601 1296 1715 1366 fin.
1738 1297 1805 1349 in
1831 1293 1940 1350 diei
1965 1312 2130 1349 erasa
2152 1300 2250 1349 est.
2340 1307 2429 1362 43.
2468 1294 2665 1351 diebus
2690 1298 2856 1366 ηιμ,
2879 1297 3019 1351 ebus
3043 1298 3224 1351 erasit
3243 1303 3535 1353 corrector.

922 1397 1041 1451 Fol.
1065 1394 1205 1451 90b.
1260 1411 1348 1463 44.
1385 1396 1404 1449 i
1409 1396 1522 1465 fin.
1549 1397 1614 1450 in
1639 1394 1747 1450 diei
1781 1412 1946 1449 erasa
1969 1400 2066 1449 est.
2152 1395 2240 1461 48.
2276 1394 2420 1449 uisio
2445 1412 2519 1449 m.
2534 1399 2616 1466 p.,
2640 1395 2798 1466 quod
2811 1396 2876 1450 in
2910 1395 3032 1451 uiso
3057 1399 3312 1453 mutauit
3332 1404 3623 1466 corrector,

1060 1480 1338 1533 eradendo
1364 1479 1398 1534 i.
1471 1496 1541 1535 ue
1563 1481 1626 1533 in
1658 1488 2003 1549 expauerunt
2037 1479 2104 1532 in
2139 1494 2351 1532 rasura
2382 1480 2658 1549 scriptum
2694 1486 2779 1533 est
2810 1497 2849 1532 a
2884 1496 2958 1533 m.
2983 1483 3050 1550 p.
3120 1496 3155 1537 e
3188 1481 3253 1534 in
3289 1491 3451 1553 pater
3482 1499 3557 1536 ex
3588 1500 3625 1537 u

1061 1566 1309 1618 correxit
1330 1580 1404 1617 m.
1411 1566 1474 1633 p.
1544 1577 1632 1631 49.
1670 1572 1850 1633 oprtet
1875 1578 1949 1615 m.
1957 1564 2041 1632 p.,
2066 1578 2102 1616 o
2124 1564 2400 1632 superscr.
2424 1577 2569 1616 corr.
2595 1578 2669 1615 m.
2678 1566 2744 1632 p.

924 1664 1042 1718 Fol.
1068 1662 1157 1718 91.
1208 1663 1258 1717 3.
1289 1677 1335 1719 1.
1373 1662 1615 1719 ituraeae
1639 1680 1714 1717 m.
1722 1666 1805 1733 p.,
1821 1663 1996 1732 prior
2015 1680 2052 1715 a
2074 1678 2240 1716 erasa
2263 1668 2360 1717 est.
2432 1676 2485 1731 3.
2523 1661 2742 1717 iodanis
2768 1679 2842 1716 m.
2846 1665 2930 1733 p.,
2954 1680 2985 1717 r
3008 1666 3285 1734 superscr.
3308 1680 3451 1719 corr.
3476 1669 3624 1736 ηιμ

922 1765 1042 1818 Fol.
1066 1764 1133 1818 91
1155 1764 1212 1818 b.
1261 1763 1314 1818 6.
1351 1780 1482 1819 caro
1529 1780 1602 1817 m.
1636 1766 1720 1833 p.,
1768 1762 1957 1816 uoluit
2003 1779 2136 1816 cara
2181 1768 2459 1817 corrector
2492 1763 2794 1833 posterior.
2868 1764 3011 1817 Post
3044 1764 3103 1819 di
3126 1766 3328 1834 posuit
3360 1782 3435 1819 m.
3476 1780 3507 1821 2
3547 1768 3627 1831 †,·

1063 1845 1360 1916 eademque
1393 1863 1599 1901 manus
1627 1848 1693 1900 in
1725 1848 1988 1917 margine
2011 1846 2045 1902 ÷
2071 1846 2142 1901 de
2177 1846 2421 1901 aduento
2456 1846 2701 1918 scripsit.
2774 1859 2825 1913 7.
2860 1854 2995 1903 cora
3026 1864 3104 1903 ηι
3134 1851 3218 1919 μ,
3255 1851 3473 1903 erasit-
3504 1866 3623 1905 cor·

1065 1936 1259 1984 rector.
1333 1944 1383 1999 9.
1421 1947 1498 1985 nn
1523 1933 1686 1999 ηιμ,
1713 1946 1748 1983 o
1771 1932 2048 1999 superscr.
2073 1946 2219 1984 corr.
2245 1946 2315 1984 m.
2327 1933 2393 1999 p.

923 2029 1043 2085 Fol.
1068 2028 1156 2083 92.
1213 2044 1294 2085 12.
1331 2030 1464 2084 ilum
1489 2033 1654 2099 ηιμ,
1679 2031 1996 2099 lsuperscr.
2021 2046 2164 2083 corr.
2190 2032 2335 2099 ηιμ
2412 2030 2493 2085 16.
2532 2028 2702 2101 inqua
2726 2032 2889 2100 ηιμ,
2913 2048 2949 2085 a
2974 2033 3249 2101 superscr.
3272 2048 3416 2087 corr.
3442 2036 3587 2104 ηιμ

922 2130 1044 2184 Fol.
1069 2128 1140 2183 92
1159 2130 1214 2184 b.
1270 2143 1351 2199 19.
1387 2130 1632 2184 tetri-cha
1657 2131 1823 2199 ηιμ,
1847 2148 1884 2184 a
1905 2133 2180 2199 superscr.
2206 2145 2350 2184 corr.
2377 2133 2521 2200 ηιμ
2595 2147 2729 2186 suae
2755 2146 2829 2184 m.
2839 2134 2921 2201 p.,
2949 2131 3035 2186 sui
3060 2149 3204 2187 corr.
3230 2136 3375 2204 ηιμ

924 2230 1043 2285 Fol.
1068 2228 1156 2283 94.
1207 2230 1258 2283 4.
1301 2242 1382 2295 14.
1419 2229 1598 2284 Prior
1618 2246 1654 2283 u
1677 2229 1742 2283 in
1773 2246 2032 2285 reuersus
2060 2230 2126 2283 in
2149 2245 2362 2283 rasura
2392 2230 2607 2299 scripta
2639 2236 2735 2298 est,
2760 2230 2863 2284 sed
2879 2248 2918 2284 a
2940 2234 3084 2302 ηιμ
3176 2245 3257 2302 15.
3292 2232 3625 2290 nificabatur

1061 2314 1136 2368 ab
1162 2313 1423 2369 omnibus
1446 2314 1510 2367 in
1529 2329 1741 2367 rasura
1761 2314 2036 2384 smptum
2059 2319 2156 2381 est,
2177 2312 2281 2367 sed
2296 2329 2335 2365 a
2357 2316 2502 2383 ηιμ
2566 2314 2649 2369 16.
2684 2313 2841 2369 Ante
2856 2314 3097 2371 nutritus
3119 2322 3205 2371 est
3220 2334 3431 2372 rasura
3450 2320 3626 2372 unius

1064 2396 1288 2452 litterae
1309 2414 1482 2467 quam
1505 2414 1537 2451 e
1544 2398 1737 2467 flasse
1759 2396 1937 2451 credo.

923 2496 1044 2553 Fol.
1069 2496 1141 2552 94
1159 2497 1212 2553 b.
1270 2498 1350 2552 18.
1388 2507 1645 2569 prpterea
1670 2538 1684 2553 .
1711 2537 1724 2552 .
1751 2538 1764 2551 .
1792 2495 2060 2567 pauribus
2086 2512 2156 2550 m.
2168 2497 2251 2566 μ,
2279 2511 2314 2550 o
2340 2537 2353 2552 .
2384 2537 2397 2552 .
2427 2538 2440 2551 .
2465 2512 2538 2567 pe
2561 2498 2838 2567 superscr.
2865 2514 3009 2556 corr.
3035 2503 3181 2570 ηιμ

1071 2594 1150 2652 19.
1187 2599 1247 2637 re
1264 2583 1328 2636 in
1353 2581 1681 2637 redditionis
1705 2584 1981 2652 superscr.
2007 2596 2152 2634 corr.
2177 2597 2253 2634 m.
2261 2582 2329 2650 p.

924 2682 1048 2736 Fol.
1071 2681 1157 2736 95.
1209 2693 1294 2750 25.
1332 2681 1494 2736 annis
1519 2681 1696 2737 tribus
1721 2691 1776 2735 et
1803 2699 1816 2735 ε
1852 2681 2159 2749 scripserat
2183 2681 2392 2751 primo,
2416 2680 2665 2747 incuria,
2692 2681 2874 2735 scriba
2898 2681 3137 2737 annibus
3171 2693 3227 2739 et
3264 2700 3442 2752 mens,
3474 2686 3631 2754 quod

1061 2763 1272 2818 deleuit
1315 2766 1435 2835 ipse
1479 2771 1536 2818 et
1580 2763 1744 2819 annis
1793 2763 1968 2818 tribus
2015 2773 2072 2818 et
2113 2764 2329 2832 posuit.
2402 2779 2574 2832 mgna
2618 2779 2691 2816 m.
2726 2767 2809 2834 μ,
2858 2782 2895 2820 a
2930 2768 3206 2835 superscr.
3254 2783 3399 2824 corr.
3448 2785 3523 2825 m.
3556 2773 3623 2840 p.

1064 2861 1150 2918 29.
1189 2847 1598 2918 supercilicium
1625 2865 1698 2901 m.
1715 2851 1792 2918 p.,
1819 2846 1920 2900 sed
1936 2845 1986 2900 ci
2011 2845 2252 2900 'secundo
2276 2845 2393 2900 loco
2416 2863 2642 2900 erasum
2664 2853 2762 2901 est.

924 2949 1046 3003 Fol.
1069 2948 1142 3004 95
1155 2948 1208 3002 b.
1260 2961 1344 3016 34.
1382 2948 1580 3018 prdere
1605 2965 1678 3000 m.
1691 2951 1766 3018 p.,
1791 2943 2124 3018 e‘superscr.
2151 2962 2295 3001 corr.
2321 2963 2395 2999 m.
2398 2948 2465 3016 p.

922 3049 968 3102 F
973 3049 1044 3102 01.
1069 3047 1156 3101 96.
1207 3061 1292 3115 39.
1329 3047 1660 3102 minstrabat
1685 3049 1846 3116 ηιμ,
1873 3046 1890 3100 i
1914 3049 2191 3116 super-scr.
2211 3063 2353 3100 corr.
2373 3063 2447 3100 m.
2456 3048 2522 3116 p.
2594 3059 2682 3113 41.
2718 3055 2775 3102 et
2801 3047 3005 3103 daem-
3025 3049 3091 3102 in
3114 3065 3327 3104 rasura
3348 3017 3622 3122 scriptum

1061 3137 1147 3184 est
1171 3147 1208 3183 a
1231 3147 1305 3184 m.
1309 3134 1377 3200 p.
1449 3131 1500 3184 5.
1546 3145 1589 3184 1.
1615 3147 1687 3184 au
1710 3132 1775 3184 in
1801 3129 2060 3185 audirent
2081 3132 2361 3200 superscr.
2384 3146 2529 3184 corr.
2554 3147 2629 3185 m.
2636 3134 2700 3201 p.

925 3230 1048 3286 Fol.
1073 3230 1144 3284 96
1163 3231 1217 3285 b.
1267 3242 1317 3300 5.
1355 3229 1503 3284 simu
1528 3233 1690 3300 m.p.,
1715 3246 1750 3283 o
1774 3233 2052 3300 superscr.
2077 3246 2222 3284 corr.
2248 3247 2321 3284 m.
2331 3233 2396 3300 p.

922 3332 1046 3385 Fol.
1069 3329 1158 3384 97.
1210 3343 1292 3398 13.
1329 3328 1557 3386 dicessit
1579 3346 1653 3383 ηι
1664 3333 1745 3400 p.,
1773 3347 1802 3384 s
1823 3333 2096 3399 superscr.
2121 3346 2266 3385 corr.
2290 3333 2438 3401 ηιμ

923 3431 1045 3485 Fol.
1069 3430 1141 3484 97
1159 3430 1214 3485 b.
1269 3442 1351 3497 17.
1375 3443 1462 3484 22.
1497 3437 1580 3484 ert
1608 3469 1622 3484 .
1649 3467 1664 3482 .
1691 3467 1704 3482 .
1729 3428 1953 3498 cognuit
1977 3445 2050 3484 m.
2063 3433 2144 3500 p.,
2169 3447 2207 3484 a
2232 3469 2245 3484 .
2272 3469 2286 3484 .
2314 3469 2327 3484 .
2353 3447 2388 3484 o
2412 3432 2684 3499 superscr.
2710 3446 2853 3485 corr.
2880 3434 3026 3502 ηιμ
3122 3467 3131 3474 ·

922 3532 968 3586 F
973 3531 1046 3584 ol.
1083 3529 1154 3584 98
1173 3531 1226 3584 b.
1275 3544 1362 3598 30.
1399 3543 1486 3598 33.
1523 3527 1644 3583 bibt
1673 3567 1686 3581 .
1714 3567 1728 3582 .
1755 3567 1768 3582 .
1791 3528 2076 3598 frequnter
2119 3546 2193 3582 m.
2202 3532 2287 3599 p.,
2325 3547 2358 3585 e
2386 3569 2399 3583 .
2424 3571 2436 3583 .
2468 3569 2483 3582 .
2508 3546 2541 3584 e
2576 3533 2851 3600 superscr.
2888 3547 3033 3588 corr.
3072 3548 3146 3586 m.
3162 3535 3227 3603 p.
3324 3547 3411 3604 35.
3456 3551 3515 3590 re
3554 3538 3622 3590 in

1063 3613 1341 3668 auferetur
1360 3617 1636 3685 superscr.
1659 3628 1802 3667 corr.
1827 3628 1901 3665 m.
1908 3615 1972 3682 p.

920 3713 1043 3768 Fol.
1068 3713 1156 3767 99.
1205 3713 1257 3768 6.
1282 3727 1332 3782 3.
1370 3723 1530 3769 erant
1552 3728 1627 3766 ex
1647 3712 1793 3768 irant
1814 3713 2060 3767 correxit
2080 3729 2154 3766 m.
2166 3715 2226 3782 p.

922 3815 968 3868 F
973 3813 1045 3868 ol.
1069 3813 1141 3868 99
1155 3814 1211 3869 b.
1259 3828 1310 3884 9.
1348 3813 1701 3882 interrogabo
1723 3829 1799 3866 ex
1819 3811 2146 3882 interogabo
2170 3814 2419 3866 correxit
2438 3829 2513 3866 m.
2518 3817 2585 3885 p.

924 3914 1046 3970 Fol.
1075 3914 1193 3969 100.
1249 3928 1329 3983 13.
1362 3927 1442 3981 14.
1477 3913 1623 3983 elegt
1649 3952 1663 3967 .
1691 3951 1704 3968 .
1732 3952 1745 3967 .
1771 3911 2154 3983 cgnominauit
2178 3915 2342 3982 ηιμ,
2367 3910 2384 3966 i
2414 3952 2427 3967 .
2456 3952 2471 3968 .
2498 3953 2511 3967 .
2537 3930 2572 3968 ο
2596 3917 2870 3985 superscr.
2894 3931 3039 3970 corr.
3058 3921 3205 3988 ηιμ

921 4017 968 4070 F
973 4014 1044 4069 ol.
1072 4014 1175 4070 100
1191 4015 1246 4069 b.
1295 4029 1380 4070 20.
1417 4031 1453 4068 a
1476 4015 1540 4068 in
1566 4013 1726 4068 Beati
1751 4015 1816 4068 in
1840 4027 2052 4067 rasura
2073 4014 2287 4083 scripta
2310 4018 2395 4066 est
2414 4031 2453 4067 a
2476 4030 2550 4068 m.
2558 4017 2625 4083 p.

921 4116 1043 4172 Fol.
1073 4115 1192 4170 101.
1240 4115 1327 4169 28.
1363 4131 1430 4184 pr
1453 4117 1616 4185 m.p.,
1641 4129 1677 4168 o
1701 4117 1977 4184 superscr.
1996 4130 2138 4168 corr.
2165 4129 2241 4168 m.
2251 4116 2315 4183 p.
2388 4127 2473 4183 29.
2511 4113 2612 4170 tibi
2638 4124 2701 4171 tu
2722 4117 2789 4170 in
2813 4133 3023 4171 rasura
3055 4117 3147 4189 qui
3187 4133 3260 4174 au
3283 4119 3557 4191 seriptum
3581 4138 3620 4174 a

1062 4215 1137 4252 m.
1151 4201 1236 4269 p.,
1259 4214 1404 4270 quae
1427 4197 1595 4268 lapsu
1619 4197 1712 4267 qui
1737 4197 1916 4253 aufert
1940 4197 2233 4268 duplicare
2255 4199 2554 4272 inceperat.
