4373 5048
470 510 594 560 1¹01.
617 504 733 559 158.v

750 350 839 417 30

752 504 917 582 genti
945 503 1179 564 facienti

753 598 1002 659 fructum
1029 597 1153 658 eius
1174 628 1188 643 ·

750 693 797 726 ⁴⁴
815 692 935 766 Qui
963 691 1233 752 ceciderit
1260 708 1329 750 su

749 806 854 865 per
881 786 1138 864 lapidem
1166 786 1323 845 hunc

750 880 1148 958 confringetur
1171 912 1185 926 ·

752 973 940 1051 Super
967 992 1146 1052 quem
1176 978 1309 1032 aute

748 1066 1020 1127 ceciderit
1088 1085 1227 1126 com

748 1162 967 1220 minuet
994 1178 1130 1220 eum
1153 1192 1170 1208 ·

748 1254 890 1313 “Et
918 1273 1054 1314 cum
1082 1252 1350 1314 audisent

747 1348 1041 1426 principes
1069 1365 1235 1407 sacer

749 1442 955 1503 dotum
994 1452 1053 1502 et
1078 1440 1268 1502 farisei

747 1536 1055 1615 parabolas
1084 1538 1208 1597 eius
1232 1568 1245 1584 ·

748 1640 1157 1707 cognouerunt
1183 1628 1339 1707 qu⁰d

748 1724 821 1785 de
849 1724 989 1801 ipsis
1019 1724 1160 1783 dicit
1181 1756 1195 1770 -
1232 1722 1372 1782 “Et

746 1827 1054 1895 querentes
1081 1834 1216 1876 eum
1244 1826 1301 1876 te

746 1930 885 1971 nere
908 1942 923 1957 ·
974 1910 1289 1970 timuerunt

746 2006 947 2064 turbas
976 2010 1121 2081 qfim
1150 2005 1197 2063 si

748 2108 849 2158 cut
875 2097 1163 2174 profetam
1189 2102 1265 2156 εὖ

748 2190 1045 2250 habebant
1068 2221 1081 2237 ·
1161 2197 1262 2251 22.
1297 2188 1451 2250 ¹Res

750 2283 1022 2363 pondens
1049 2283 1139 2343 ihs
1165 2284 1309 2344 iterii

750 2420 894 2480 dixit
921 2420 1029 2481 illis
1058 2421 1119 2479 in
1147 2440 1289 2498 para

748 2513 899 2576 bolis
928 2514 1130 2575 dicens
1148 2547 1163 2562 ·
1184 2545 1199 2562 ·

749 2610 773 2644 ³
791 2609 987 2670 Simile
1014 2621 1102 2671 est
1127 2629 1375 2688 regnum

748 2704 1043 2764 caelorum
1070 2704 1233 2765 homi

748 2797 809 2857 ni
834 2799 957 2875 regi
984 2798 1085 2874 qui
1113 2797 1250 2858 fecit

746 2893 981 2970 nuptias
1009 2892 1125 2952 filio
1156 2912 1262 2954 suo
1280 2925 1295 2941 ·

746 2985 769 3018 ⁸
784 2985 863 3044 Et
888 2987 1042 3046 misit
1070 3005 1271 3047 seruos
1301 3005 1370 3046 su

746 3097 816 3140 os
896 3098 1113 3141 uocare
1141 3081 1326 3140 inuita

746 3181 841 3232 tos
868 3173 945 3232 ad
973 3174 1203 3251 nuptias
1228 3204 1243 3220 ·

747 3277 807 3327 et
834 3267 1144 3327 noluerunt
1171 3286 1245 3327 ue

746 3361 871 3420 nire
891 3393 906 3408 ·
944 3359 1199 3420 ⁴Iterum
1229 3361 1313 3420 mi

747 3456 821 3515 sit
847 3455 994 3514 alios
1023 3473 1225 3515 seruos
1252 3455 1313 3513 di

745 3567 888 3608 cens
905 3579 920 3594 ·
964 3548 1137 3608 dicite
1164 3549 1285 3607 inui

742 3651 896 3702 tatos
918 3674 935 3690 ·
980 3643 1142 3702 Ecce
1171 3661 1321 3720 pran

745 3736 909 3797 dium
936 3753 1137 3794 meum
1166 3753 1309 3812 para

744 3830 806 3890 ui
826 3859 841 3876 ·
884 3829 1031 3888 tauri
1057 3829 1173 3888 mei
1202 3839 1263 3888 et

746 3924 1011 4000 saginata
1038 3940 1171 3981 mea
1203 3941 1276 3982 oc

746 4017 899 4077 cissa
928 4025 988 4076 et
1014 4016 1214 4076 omnia
1238 4035 1317 4092 pa

744 4119 873 4169 rata
948 4109 1144 4169 uenite
1173 4109 1249 4168 ad

745 4203 981 4283 nuptias
996 4233 1013 4250 ·
1056 4202 1079 4235 ⁶
1095 4201 1187 4288 Illi
1214 4207 1349 4263 aute·

1996 322 2444 397 SECUNDIJ
2455 364 2472 381 ·

1508 500 1887 579 neglexerunt
1906 534 1919 549 ·

1508 605 1567 655 et
1592 597 1858 655 abierunt
1888 630 1899 643 ·
1944 596 2095 657 alius

1504 688 1566 747 in
1594 690 1790 750 uillam
1820 709 1985 750 suam
2005 723 2020 738 ·

1506 784 1673 843 Alius
1700 802 1841 845 uero
1870 786 1929 843 in
1960 803 2116 863 nego

1505 878 1803 939 tiationem
1833 897 1999 939 suam
2023 911 2038 926 ·

1501 972 1523 1004 ⁸
1542 971 1771 1050 Reliqui
1796 991 1939 1033 uero
1966 984 2105 1034 tenu

1502 1076 1671 1124 erunt
1700 1084 1900 1126 seruos
1928 1068 2051 1126 eius
2074 1098 2093 1115 ·

1502 1168 1560 1218 et
1588 1161 1940 1222 contumelia
1966 1161 2031 1220 af

1502 1252 1686 1312 sectos
1715 1254 2097 1314 occiderunt·

1500 1346 1523 1380 ’1
1540 1346 1617 1406 Et
1644 1347 1884 1407 audiens
1911 1368 2011 1407 rex
2041 1349 2136 1409 ille

1498 1440 1677 1509 iratus
1704 1451 1793 1501 est
1816 1473 1830 1488 ·
1873 1452 1932 1501 et
1958 1442 2039 1502 mi

1500 1534 1574 1593 sit
1601 1535 1951 1594 exsercitum

1502 1645 1673 1687 suum
1701 1638 1759 1686 et
1784 1628 1951 1705 perdi

1500 1722 1583 1781 dit
1610 1722 1935 1781 homicidas
1964 1723 2003 1781 il

1499 1814 1592 1874 los
1618 1823 1679 1874 et
1704 1812 1996 1876 ciuitatem

1498 1926 1704 1969 eorum
1732 1910 2032 1970 succendit
2046 1941 2063 1957 ·

1500 2002 1522 2035 ⁸
1540 2002 1715 2064 Tunc
1744 2004 1823 2063 ait
1844 2004 2027 2064 seruis
2048 2004 2166 2064 suis
2183 2035 2199 2051 ·

1500 2098 1734 2173 nuptiae
1762 2099 1999 2175 quidem

1500 2202 1735 2267 paratae
1764 2203 1897 2252 sunt
1918 2223 1931 2239 ·
1977 2192 2039 2251 in

1501 2284 1663 2345 uitati
1692 2294 1883 2345 autem
1914 2304 2037 2347 non

1501 2416 1731 2477 fuerunt
1756 2418 1917 2495 digni
1939 2450 1953 2465 ·

1500 2511 1524 2545 ⁶
1540 2510 1625 2571 Ite
1654 2530 1797 2589 ergo
1824 2512 1901 2572 ad
1933 2514 2121 2574 exitus

1505 2607 1727 2666 uiarum
1754 2617 1812 2667 et
1840 2625 1991 2685 quos

1501 2719 1754 2779 cumque
1780 2702 2039 2762 inueneri

1500 2795 1573 2854 tis
1602 2805 1809 2855 uocate
1837 2797 1913 2855 ad
1942 2814 2063 2874 nup

1499 2889 1638 2948 tias·
1682 2887 1729 2922 ¹⁰
1742 2898 1800 2948 et
1825 2890 2042 2966 egressi
2069 2908 2161 2949 ser

1498 2983 1559 3041 ui
1587 2983 1710 3042 eius
1736 2983 1797 3042 in
1825 2984 1949 3042 uias
2017 3002 2133 3044 con

1500 3085 1889 3152 gregauerunt
1916 3095 2019 3138 om

1500 3187 1607 3228 nes
1635 3170 1957 3247 quodquod
1986 3171 2049 3230 in

1497 3273 1782 3322 uenerunt
1810 3263 1996 3323 malos

1500 3366 1559 3417 et
1586 3357 1779 3416 bonos
1797 3387 1813 3402 ·
1854 3367 1913 3415 et
1941 3356 2101 3435 inple

1501 3460 1557 3509 te
1587 3460 1721 3508 sunt
1749 3451 1982 3528 nuptiae

1500 3544 1995 3604 discumbentibus
2020 3575 2035 3592 ·

1499 3636 1541 3671 11
1560 3637 1807 3697 Intrauit
1834 3649 2029 3698 autem
2062 3657 2167 3698 rex

1498 3741 1561 3790 ut
1590 3732 1809 3791 uideret
1836 3731 2062 3792 discum

1495 3827 1699 3885 bentes
1722 3857 1737 3873 ·
1787 3825 1867 3885 Et
1890 3827 2037 3886 uidit

1496 3920 1574 3979 ibi
1602 3919 1897 3981 hominem
1925 3940 2049 3981 non

1496 4015 1767 4074 uestitum
1792 4026 1953 4075 ueste

1496 4110 1753 4188 nuptiale
1794 4108 1839 4143 ¹²
1853 4109 1931 4168 Et
1951 4111 2030 4170 ait
2050 4110 2128 4170 illi
2148 4143 2161 4159 ·

1498 4204 1719 4264 amicae
1751 4205 2055 4283 quomodo

2309 504 2603 581 ingressus
2631 522 2695 564 es
2723 502 2819 565 hic
2843 536 2858 551 ·

2309 616 2432 657 non
2459 595 2684 658 habens
2712 600 2861 659 uesti

2309 703 2583 752 mentum
2603 694 2805 770 nuptia

2306 784 2358 845 le
2379 818 2396 833 ·
2438 786 2519 846 At
2546 786 2638 845 ille
2665 789 2849 848 obmu

2309 878 2413 938 tuit
2431 911 2446 926 ·
2509 878 2553 912 ²³
2576 880 2752 941 Tunc
2781 881 2923 941 dixit

2307 991 2410 1033 rex
2439 974 2714 1034 ministris
2732 1006 2746 1021 ·

2306 1066 2483 1127 tollite
2511 1066 2670 1125 illum
2698 1067 2833 1146 pedi

2307 1162 2418 1219 bus
2445 1170 2504 1221 et
2531 1162 2802 1221 manibus
2821 1192 2834 1207 ·

2305 1253 2384 1313 Et
2411 1255 2616 1314 mittite
2643 1274 2780 1314 eum
2809 1256 2950 1316 inte

2306 1350 2516 1408 nebras
2545 1350 2763 1409 exterio

2305 1461 2430 1502 res·
2473 1444 2552 1502 ibi
2581 1444 2686 1503 erit
2717 1442 2788 1503 fle

2303 1545 2398 1595 tus
2424 1546 2482 1595 et
2510 1538 2718 1597 stridor
2745 1538 2856 1597 den

2302 1630 2448 1695 tium
2471 1662 2486 1677 ·
2529 1630 2574 1663 ¹⁴
2591 1631 2754 1689 multi
2781 1632 2927 1690 eni*

2306 1733 2440 1781 sunt
2468 1725 2660 1784 uocati
2678 1756 2692 1771 ·
2737 1725 2910 1803 pauci

2303 1827 2498 1877 autem
2525 1818 2692 1879 electi
2715 1850 2730 1866 ·
2761 1844 2843 1872 -r

2385 1936 2468 1964 Φ
2548 1937 2631 1965 Φ
2712 1939 2795 1967 Φ

2256 1999 2286 2035 *
2305 2002 2351 2036 ¹⁸
2368 2004 2544 2065 Tunc
2573 2006 2836 2066 abierunt

2255 2094 2284 2128 '⁸¹
2305 2097 2492 2157 farisei
2508 2130 2523 2145 ·
2561 2109 2620 2159 et
2647 2118 2763 2161 con

2255 2189 2286 2224 *
2307 2191 2494 2251 silium
2521 2194 2857 2270 acciperunt

2257 2283 2360 2344 *ut
2393 2297 2672 2363 caperent
2699 2305 2836 2347 eum

2255 2417 2285 2450 *
2305 2419 2366 2477 in
2395 2437 2667 2479 sermone
2685 2450 2700 2465 ·
2762 2418 2807 2453 ¹⁰
2825 2429 2883 2481 et

2256 2510 2284 2544 *
2305 2512 2541 2574 mittunt
2568 2512 2794 2592 discipu

2255 2605 2283 2638 *
2305 2606 2392 2668 los
2421 2626 2560 2668 suos
2589 2626 2723 2668 cum
2751 2607 2829 2668 he

2303 2700 2559 2762 rodianis
2587 2701 2847 2761 dicentes
2864 2733 2880 2748 ·

2303 2793 2588 2873 Magister
2617 2796 2832 2856 scimus

2303 2891 2440 2966 quia
2465 2908 2646 2949 uerax
2674 2909 2738 2949 es
2759 2920 2774 2935 ·
2816 2900 2874 2950 et

2303 2983 2460 3042 uiam
2489 2983 2550 3042 di
2577 2983 2756 3044 doces
2783 2984 2846 3043 in

2301 3077 2539 3136 ueritate
2557 3109 2572 3124 ·
2614 3089 2673 3137 et
2700 3096 2823 3137 non

2305 3181 2392 3229 est
2421 3172 2524 3230 tibi
2554 3189 2694 3230 cura
2722 3171 2798 3231 de
2825 3171 2900 3232 ali

2303 3281 2422 3342 quo
2445 3295 2460 3310 ·
2503 3283 2625 3324 non
2654 3267 2812 3324 enim

2303 3359 2553 3434 respices
2573 3377 2855 3434 personas

2302 3451 2608 3512 hominum
2627 3485 2642 3500 ·
2687 3452 2731 3487 ²⁷
2746 3454 2886 3532 quid

2303 3547 2406 3605 tibi
2432 3547 2659 3606 uidetur
2739 3547 2873 3608 licet

2301 3659 2544 3700 censum
2574 3642 2696 3701 dari
2726 3660 2898 3702 caesa

2301 3735 2347 3794 ri
2372 3767 2387 3782 ·
2437 3747 2538 3795 aut
2567 3755 2688 3795 non
2708 3767 2723 3782 ·
2745 3769 2760 3782 ·
2804 3736 2847 3770 ¹⁸
2870 3736 3003 3814 Cog

2301 3829 2421 3889 nita
2447 3840 2642 3889 autem
2669 3831 2760 3890 ihs
2787 3849 2866 3890 ne

2301 3925 2482 4002 quitia
2507 3943 2708 3985 eorum
2733 3957 2746 3972 -
2793 3925 2873 3985 ait
2893 3956 2910 3973 ·

2303 4018 2466 4092 Quid
2493 4038 2590 4078 me
2617 4021 2869 4079 temtatis

2300 4113 2634 4191 hypocritae
2657 4145 2672 4161 ·
2735 4112 2780 4147 ¹⁹
2801 4131 2872 4174 os

2299 4206 2630 4268 tendendite
2657 4207 2798 4267 mihi
2819 4240 2832 4255 ·

3197 344 3362 409 [XXI.
3385 348 3662 412 43—XX11.
3686 359 3766 413 27.

3063 505 3357 566 nomisma
3378 537 3392 552 ·
3437 524 3649 567 census
3673 530 3689 547 ·

3061 598 3144 657 At
3170 598 3252 658 illi
3279 600 3611 678 optulerunt

3063 693 3119 752 ei
3146 691 3448 753 denarium
3469 725 3482 741 ·
3546 693 3592 729 ²⁰
3605 694 3684 756 Et

3065 786 3144 845 ait
3170 786 3276 847 illis
3303 788 3393 846 ihs
3416 818 3431 833 ·
3475 788 3640 849 cuius

3063 890 3154 939 est
3181 880 3377 957 imago
3405 881 3549 941 haec
3581 916 3596 929 ·
3640 894 3701 943 et

3062 975 3472 1051 superscriptio
3495 1007 3510 1022 ·

3061 1063 3104 1098 ²¹
3122 1066 3324 1127 dicunt
3351 1070 3404 1127 ei
3433 1071 3646 1129 cesaris
3664 1102 3679 1117 ·

3061 1158 3237 1219 Tunc
3266 1162 3344 1220 ait
3370 1162 3475 1221 illis
3499 1194 3514 1208 ·
3558 1164 3660 1223 red

3060 1252 3176 1313 dite
3205 1272 3347 1331 ergo
3375 1273 3490 1331 que
3518 1267 3654 1317 sunt

3059 1348 3272 1406 cesaris
3293 1350 3478 1409 cesari
3501 1380 3518 1396 ·

3058 1451 3116 1501 et
3144 1459 3295 1518 quae
3325 1453 3459 1503 sunt
3486 1444 3546 1503 di
3571 1444 3650 1503 do
3673 1475 3692 1491 ·

3059 1530 3177 1593 ”et
3205 1535 3505 1596 audientes
3533 1538 3680 1597 mira

3059 1628 3100 1687 ti
3129 1638 3263 1687 sunt
3283 1660 3298 1675 ·
3342 1640 3400 1689 et
3426 1631 3626 1692 relicto

3056 1740 3130 1782 eo
3159 1721 3458 1782 abierunt·

3057 1814 3100 1847 ²⁸
3123 1815 3196 1874 In
3223 1815 3318 1875 illa
3345 1817 3438 1876 die
3467 1835 3674 1878 accese

3057 1918 3191 1969 runt
3216 1910 3294 1969 ad
3321 1929 3456 1970 eum
3485 1912 3592 1971 sad

3059 2003 3230 2063 ducei
3253 2036 3266 2051 ·
3311 2005 3410 2080 qui
3439 2005 3641 2065 dicunt

3056 2116 3179 2157 non
3206 2116 3334 2158 esse
3363 2117 3526 2158 resur

3054 2193 3372 2252 rectionem
3396 2224 3410 2239 ·
3454 2192 3532 2253 Et

3054 2286 3555 2364 interrogauerunt

3055 2436 3191 2479 eum
3219 2414 3264 2452 ⁹⁴
3281 2418 3540 2481 dicentes
3559 2452 3572 2467 ·
3631 2438 3731 2481 ma

3056 2512 3234 2590 gister
3319 2531 3558 2592 moyses

3057 2607 3201 2668 dixit
3224 2639 3239 2654 ·
3283 2609 3332 2668 si
3361 2609 3490 2685 quis
3516 2627 3649 2668 mor

3055 2711 3187 2760 tuus
3215 2701 3384 2762 fuerit
3450 2719 3574 2762 non

3054 2794 3277 2854 habens
3305 2795 3484 2855 filium
3505 2827 3520 2842 ·

3053 2899 3116 2948 ut
3145 2889 3320 2950 ducat
3347 2888 3518 2949 frater
3545 2891 3670 2951 eius

3053 3001 3296 3044 uxorem
3325 2984 3474 3043 illius
3491 3015 3505 3032 ·
3549 2995 3608 3044 et

3053 3077 3284 3137 suscitet
3312 3095 3510 3138 semen

3051 3169 3242 3230 fratris
3269 3173 3358 3230 sui
3380 3203 3395 3218 ·
3457 3172 3506 3206 ’⁶
3521 3171 3708 3233 Erant

3052 3263 3208 3341 apud
3235 3282 3345 3325 nos
3373 3275 3600 3344 septem

3053 3357 3255 3417 fratres
3279 3390 3293 3405 ·
3336 3369 3395 3418 et
3422 3359 3513 3437 pri

3053 3469 3187 3511 mus
3213 3471 3394 3512 uxore
3423 3452 3599 3513 ducta
3619 3483 3634 3500 ·

3055 3544 3364 3605 defunctus
3388 3556 3510 3606 est·
3554 3555 3614 3606 et

3051 3658 3173 3700 non
3200 3640 3424 3698 habens
3451 3657 3654 3700 semen
3673 3671 3688 3686 ·

3051 3733 3276 3808 reliquit
3300 3750 3548 3792 uxorem

3051 3845 3218 3886 suam
3245 3827 3400 3886 fratri
3429 3845 3536 3888 suo
3555 3859 3570 3875 ·

3049 3923 3094 3958 ²⁶
3113 3921 3377 3982 Similiter
3403 3932 3462 3981 et
3489 3941 3672 3984 secun

3051 4018 3159 4077 dus
3185 4017 3452 4076 etei-tius·
3495 4035 3568 4078 us

3050 4131 3162 4190 que
3191 4113 3268 4172 ad
3295 4113 3606 4191 septimum
3630 4145 3645 4160 ·

3049 4209 3094 4292 ?⁷
3113 4207 3444 4268 Nouissime
3473 4218 3670 4270 autem

3791 508 3916 558 1¹01.
3931 509 4032 559 59.
