4373 5048
580 368 700 418 xn.
724 382 831 432 4—3
841 364 911 431 3.]

312 552 435 601 ποι.
457 554 550 601 28.
580 551 711 593 care
732 558 745 573 ·
790 550 980 609 neque
1005 530 1101 590 his

580 627 682 705 qui
713 644 851 686 cum
877 625 975 686 illo
1001 644 1035 683 e

579 731 712 781 rant
730 746 743 760 ·
784 719 900 779 nisi
927 719 1065 779 solis

580 815 977 876 sacerdotibus

579 910 733 970 ¹'Aut
760 927 883 969 non
908 908 1131 985 legistis

581 1006 643 1064 in
670 1003 799 1080 lege
862 1003 999 1081 quia

584 1098 843 1158 sabbatis
878 1114 1046 1156 sacer

582 1193 747 1253 dotes
772 1194 835 1251 in
863 1189 1083 1268 templo
1104 1220 1119 1237 ·

584 1289 891 1347 sabbatum
921 1286 1019 1344 uio

580 1382 706 1442 lant
774 1391 833 1440 et
858 1380 980 1439 sine

584 1476 825 1535 crimine
853 1483 991 1533 sunt
1009 1498 1024 1513 ·

581 1566 767 1630 “Dico
794 1578 989 1627 autem
1016 1584 1095 1626 uo

580 1666 672 1727 bis
761 1663 898 1741 quia
925 1660 1019 1719 hic

582 1760 771 1819 maius
798 1767 887 1816 est
914 1764 1075 1831 qua*

584 1854 897 1931 templum·
957 1848 1052 1907 ‘'Si

584 1961 779 2011 autem
808 1944 1027 2005 sciretis

584 2044 723 2122 quid
750 2042 823 2101 sit
904 2037 985 2096 mi

584 2135 955 2199 sericordiam

579 2234 719 2295 uolo
786 2242 845 2291 et
870 2246 993 2289 non
1019 2244 1089 2285 sa

584 2326 863 2389 crificium

584 2422 929 2497 Numquam
956 2432 1075 2475 con

588 2551 967 2616 demnassetis
994 2549 1056 2606 in

588 2659 869 2714 nocentes
886 2671 903 2687 ·
958 2641 1103 2702 Β(ἱῐὶε

585 2747 745 2808 enim
772 2751 860 2801 est
887 2737 1110 2799 sabbati
1134 2765 1153 2782 ·

585 2842 736 2901 filius
763 2832 1019 2896 hominis
1037 2856 1051 2871 ·

584 2935 692 2994 ’Et
720 2928 1001 2992 transiens
1027 2922 1165 2982 inde

584 3029 742 3088 uenit
768 3027 827 3083 in
856 3035 1158 3098 synagoga

583 3138 787 3183 eorum
808 3146 821 3159 ·
866 3113 999 3173 ²⁰Et
1027 3127 1171 3170 ecce

582 3227 705 3276 erat
731 3213 809 3272 ibi
836 3211 1019 3269 homo
1046 3223 1146 3264 ma

580 3327 725 3370 num
752 3307 973 3366 habens
1002 3300 1084 3359 ari

580 3405 721 3464 dam
804 3410 861 3459 et
886 3399 1101 3456 interro

580 3499 802 3576 gabant
824 3511 959 3553 eum
988 3489 1159 3549 dicen

582 3605 670 3652 tes
742 3590 790 3650 si
816 3590 949 3647 licet
972 3584 1153 3643 sabba

584 3688 657 3746 tis
684 3701 885 3744 curare
912 3689 977 3738 ut
1004 3693 1179 3736 accus

1805 357 1940 417 MA
1960 346 2276 417 TTHEIJ·
2295 388 2312 407 ο

1332 528 1605 609 ¹²quanto
1634 532 1824 608 magis
1852 530 1987 590 meli

1332 646 1399 687 or
1426 637 1511 685 est
1539 627 1719 687 homo
1745 645 1859 686 oue

1334 721 1539 797 Itaque
1564 721 1698 781 licet
1726 721 1909 779 sabba

1335 816 1405 875 tis
1432 814 1773 875 benefacere
1793 840 1807 855 ·

1336 908 1565 968 ”Tune
1592 909 1671 967 ait
1698 907 1921 967 homini

1334 1003 1583 1062 extende
1611 1020 1853 1060 manum

1334 1108 1497 1156 tuam
1578 1107 1636 1155 et
1662 1094 1921 1155 extendit

1336 1206 1394 1251 et
1422 1190 1677 1250 restituta
1704 1199 1792 1247 est
1820 1206 1887 1247 sa

1339 1304 1416 1345 na
1445 1286 1591 1343 sicut
1618 1284 1795 1342 altera
1816 1308 1829 1321 ·

1338 1381 1381 1413 ¹⁴
1392 1378 1643 1438 Farisaei
1666 1386 1861 1435 autern
1890 1392 2005 1434 con

1336 1474 1525 1533 silium
1553 1478 1905 1547 acceperunt

1336 1567 1615 1627 aduersus
1646 1581 1783 1623 eum
1814 1573 1878 1623 ut

1337 1680 1475 1722 eum
1503 1659 1813 1737 perderent
1831 1684 1845 1697 ·

1338 1755 1473 1814 ¹¹⁵At
1492 1755 1582 1813 ihs
1604 1754 1795 1813 sciens
1856 1769 2019 1809 seces

1339 1852 1410 1910 sit
1437 1848 1571 1908 inde
1630 1856 1689 1906 et
1718 1864 1895 1921 seque

1337 1946 1505 2003 batur
1531 1960 1667 2001 eum
1694 1941 1860 1999 turba

1339 2038 1519 2097 multa
1538 2064 1551 2077 ·
1596 2046 1654 2094 et
1682 2053 1822 2093 cura

1340 2134 1439 2192 bat
1466 2148 1571 2191 eos
1597 2146 1805 2190 omnes
1828 2151 1842 2168 ·
1892 2127 2019 2186 ιἘῐ

1338 2227 1632 2306 praecepit
1658 2224 1741 2283 eis
1766 2234 1831 2282 ut

1340 2340 1415 2380 ne
1444 2319 1851 2397 peruulgarent

1340 2433 1475 2474 eum
1494 2444 1509 2459 ·
1564 2414 1607 2448 ¹⁷
1618 2412 1699 2471 Ut
1725 2411 1979 2489 adimple

1338 2558 1491 2607 retur
1520 2545 1679 2623 quod
1708 2545 1801 2605 dic

1339 2653 1465 2702 tum
1492 2650 1582 2700 est
1608 2657 1711 2716 per
1739 2657 1773 2696 e

1338 2736 1521 2795 saiam
1550 2733 1821 2811 profeta·-

1337 2829 1631 2888 dicentem
1656 2853 1669 2867 ·

1336 2921 1547 2983 ¹¹*Ecce
1574 2939 1718 3000 puer
1746 2937 1915 2981 meus

1339 3023 1355 3050 ‘
1378 3035 1555 3095 quem
1581 3015 1759 3092 elegi·
1798 3015 1856 3073 di

1339 3113 1557 3172 ‘lectus
1584 3127 1747 3168 meus
1774 3110 1835 3166 in

1338 3214 1353 3239 ‘
1374 3225 1493 3284 quo
1520 3206 1669 3264 bene
1698 3222 1815 3263 con

1336 3309 1351 3335 ‘
1373 3301 1587 3380 placuit
1616 3300 1813 3360 anima

1335 3402 1350 3429 ‘
1372 3416 1505 3456 mea
1527 3423 1541 3437 ·
1585 3412 1806 3474 ponam

1332 3495 1347 3524 ⁸
1370 3509 1545 3568 super
1577 3507 1713 3550 eum
1740 3493 1872 3563 spm

1335 3591 1350 3619 ‘
1373 3604 1573 3645 meum
1592 3612 1605 3626 ·
1651 3583 1729 3642 Et
1755 3581 1874 3640 iudi

1334 3684 1350 3711 ‘
1372 3681 1530 3739 cium
1563 3676 1831 3755 gentibus

587 3787 783 3839 sarent
810 3792 948 3834 eum
967 3805 980 3818 ·
1004 3803 1017 3818 ·
1078 3767 1267 3845 ”Ipse
1335 3779 1350 3804 ‘
1374 3772 1751 3833 adnuntiabit.

498 3859 507 3866 ⁶
586 3883 781 3933 autem
810 3868 952 3928 dixit
978 3865 1061 3924 eis
1086 3889 1097 3904 ·

586 3968 714 4045 quis
742 3973 829 4023 est
853 3980 927 4021 ex
955 3957 1125 4019 uobis

585 4061 769 4122 homo
797 4058 895 4134 qui
922 4054 1099 4113 habet

587 4173 763 4215 ouem
788 4169 971 4210 unam
1032 4146 1092 4206 Si
1121 4162 1191 4204 ce

588 4249 786 4308 ciderit
809 4247 919 4306 ista
948 4243 1131 4302 sabba

584 4343 656 4402 tis
683 4343 743 4400 in
769 4340 1004 4400 foueam
1036 4354 1157 4396 non

586 4436 804 4497 tenebit
830 4451 964 4494 eam
992 4441 1050 4490 et
1076 4430 1163 4489 ele

1032 4525 1192 4586 uabit

1340 3873 1355 3902 ‘
1374 3868 1551 3928 ¹⁹non
1578 3863 1893 3926 contendet

1339 3967 1354 3994 ‘
1377 3980 1488 4022 nec
1517 3959 1820 4020 clamabit·

1340 4061 1355 4090 ‘
1378 4056 1588 4131 Neque
1617 4051 1812 4113 audiet
1839 4049 1914 4108 ali

1337 4159 1353 4186 ‘
1375 4151 1504 4228 quis
1531 4151 1592 4207 in
1619 4146 1821 4224 plateis
1848 4163 1926 4204 uo

1338 4252 1352 4277 ‘
1376 4263 1506 4305 cem
1535 4243 1657 4302 eius
1676 4265 1691 4280 ·
1742 4239 1873 4298 ²⁰ha

1339 4345 1355 4373 ‘
1379 4338 1683 4398 rundinem
1712 4353 1859 4413 quas

1336 4438 1357 4466 ‘
1378 4445 1561 4496 satam
1589 4448 1712 4490 non
1740 4447 1856 4490 con

2137 533 2153 561 ‘
2173 530 2418 609 fringet·
2464 530 2542 591 Et
2567 532 2607 591 li

2136 620 2151 647 ‘
2176 643 2320 683 num
2347 624 2644 703 fumigans

2139 722 2155 750 ‘
2178 736 2303 777 non
2333 721 2637 796 extinguet

2140 816 2155 843 ‘
2179 812 2334 873 done
2362 824 2546 889 ponat
2574 814 2696 873 iudi

2141 911 2155 937 ‘
2176 906 2331 966 cium
2360 906 2437 967 ad
2463 909 2680 968 uincen

2141 1005 2155 1031 ‘
2178 1001 2352 1059 dum·
2393 998 2504 1060 2²et
2530 1002 2590 1059 in
2617 1019 2700 1060 no

2141 1098 2157 1125 ‘
2179 1096 2338 1153 mine
2365 1095 2489 1154 eius
2515 1114 2634 1171 gen

2140 1191 2155 1217 ‘
2179 1197 2266 1247 tes
2295 1189 2614 1265 sperabunt
2637 1221 2650 1235 ·

2138 1278 2184 1312 ²²
2201 1279 2376 1341 Tunc
2404 1281 2631 1341 oblatus
2657 1292 2746 1341 est

2140 1376 2195 1435 ei
2223 1373 2640 1436 daemoniacus

2140 1487 2352 1528 caecus
2379 1478 2440 1527 et
2465 1479 2662 1529 mutus

2139 1572 2197 1620 et
2225 1563 2444 1621 curauit
2471 1581 2608 1622 eum
2631 1595 2644 1610 ·

2142 1656 2234 1716 Ita
2263 1666 2326 1715 ut
2353 1674 2564 1715 caecus
2594 1667 2653 1717 et
2680 1675 2782 1716 mu

2142 1761 2234 1810 tus
2267 1751 2600 1827 loqueretur

2142 1854 2200 1903 et
2225 1845 2447 1903 uideret
2465 1871 2480 1885 ·

2141 1937 2185 1971 ²³
2203 1939 2280 1998 Et
2307 1939 2614 2015 stupebant
2640 1955 2746 1998 om

2142 2050 2250 2093 nes
2279 2034 2476 2091 turbae
2533 2042 2592 2091 et

2142 2127 2416 2187 dicebant
2473 2144 2617 2184 num

2141 2221 2281 2299 quid
2309 2220 2402 2280 hic
2430 2230 2517 2279 est
2545 2219 2625 2277 fili

2139 2335 2211 2377 us
2241 2315 2448 2374 dauid·
2489 2310 2658 2371 “fari
2743 2328 2748 2333 ·

2140 2410 2225 2469 sei
2252 2419 2446 2468 autem
2474 2406 2610 2467 audi

2139 2551 2304 2600 entes
2331 2539 2598 2599 dixerunt
2615 2565 2630 2579 ·

2142 2635 2264 2694 Hic
2295 2652 2419 2693 non
2446 2633 2580 2692 eicit
2609 2632 2788 2691 demo

2142 2729 2242 2788 nia
2311 2728 2419 2786 nisi
2449 2728 2510 2784 in
2531 2724 2826 2785 beelzebul

2141 2822 2470 2900 principem
2498 2820 2716 2880 daemo

2142 2916 2375 2976 niorum
2393 2941 2408 2955 ·
2451 2911 2718 2974 ”Sciens

2142 3020 2338 3069 autem
2366 3009 2455 3066 ihs
2479 3008 2718 3084 cogitati

2141 3121 2287 3164 ones
2315 3121 2519 3162 eorum
2586 3102 2728 3160 dixit

2140 3199 2227 3257 eis
2250 3225 2263 3238 ·
2310 3195 2506 3256 Omne
2533 3207 2762 3271 regnu-

2140 3292 2392 3351 diuisum
2421 3290 2570 3348 intra
2599 3307 2661 3347 se

2140 3404 2262 3446 non
2291 3385 2494 3444 stabit·
2539 3383 2618 3441 Et
2644 3401 2746 3443 om

2138 3481 2230 3539 nis
2251 3479 2451 3539 ciuitas
2477 3478 2570 3536 uel
2600 3476 2680 3536 do

2139 3591 2270 3632 mus
2300 3572 2482 3632 diuisa
2509 3581 2714 3631 contra

2140 3685 2203 3726 se
2231 3684 2354 3725 non
2378 3665 2553 3724 ‚stabit
2572 3691 2586 3704 ·
2629 3664 2674 3698 ²⁸
2697 3662 2759 3723 Si

2135 3761 2298 3820 enim
2327 3768 2560 3817 satanas
2589 3766 2720 3816 sata

2138 3872 2257 3913 nan
2285 3848 2415 3912 eicit
2483 3851 2664 3910 aduer

2136 3966 2238 4010 sus
2266 3965 2329 4006 se
2358 3946 2576 4005 diuisus
2604 3956 2692 4005 est
2709 3971 2728 3986 ·

3524 370 3602 439 15

2901 530 3045 592 Ideo
3073 532 3198 609 ipse
3225 516 3445 592 iudices
3473 550 3508 592 e

2897 636 3032 686 runt
3059 628 3234 686 uestri
3255 652 3268 668 ·
3312 623 3356 661 ²⁸
3377 626 3438 686 Si

2898 731 3094 780 autem
3125 721 3184 780 in
3213 726 3326 798 spu
3353 721 3414 780 di

2895 834 3012 891 ego
3041 814 3366 876 daemones
3393 814 3572 876 eicio·

2895 910 3098 987 utique
3125 910 3418 988 adpropin

2898 1004 3097 1081 quauit
3122 1004 3183 1062 in
3210 1022 3320 1064 uos
3347 1023 3456 1081 reg

2897 1116 3042 1158 num
3071 1097 3165 1157 di·
3207 1097 3254 1133 ²⁹
3271 1099 3393 1158 Aut
3420 1112 3532 1176 quo

2897 1192 3082 1252 modo
3113 1203 3304 1269 potest
3331 1194 3462 1270 quis

2895 1286 3106 1345 intrare
3137 1287 3197 1345 in
3227 1287 3472 1348 domum

2895 1381 3021 1439 eius
3049 1382 3150 1457 qui
3181 1380 3342 1441 fortis
3369 1392 3459 1442 est
3475 1412 3490 1427 ·

2897 1484 2956 1533 et
2981 1492 3126 1535 uasa
3151 1476 3272 1534 eius
3302 1475 3484 1553 diripe

2895 1586 2960 1627 re
2979 1594 2992 1608 ·
3039 1569 3148 1627 nisi
3177 1568 3335 1645 prius
3363 1569 3464 1629 alli

2895 1662 3120 1737 gauerit
3149 1662 3354 1721 fortem
3376 1689 3389 1704 ·

2896 1765 2955 1815 et
2981 1766 3121 1815 tunc
3148 1755 3394 1816 domum
3420 1756 3502 1815 illi

2895 1867 2965 1908 us
2995 1850 3254 1925 diripiet·
3299 1849 3346 1883 ⁸⁰
3354 1850 3457 1927 qui

2895 1961 3016 2002 non
3045 1952 3134 2002 est
3161 1961 3424 2004 mecum·
3461 1963 3583 2005 con

2895 2046 2984 2096 tra
3009 2055 3104 2096 me
3132 2048 3221 2097 est
3239 2063 3254 2078 ·
3297 2049 3354 2097 et
3381 2039 3481 2115 qui

2896 2148 3020 2189 non
3048 2142 3366 2208 congregat
3391 2151 3490 2195 me

2897 2241 3034 2283 cum
3057 2250 3072 2265 ·
3143 2225 3392 2303 spargit·

2897 2316 2940 2351 ⁸¹
2951 2316 3096 2378 Ideo
3119 2319 3253 2378 dico
3269 2321 3436 2382 uobis
3455 2348 3468 2363 ·
3499 2339 3604 2382 om

2899 2431 2975 2472 ne
3002 2423 3308 2490 peccatum
3334 2424 3392 2475 et
3419 2414 3546 2475 blas

2895 2543 3071 2604 semia
3097 2546 3322 2606 remitte

2895 2648 2988 2697 tur
3017 2638 3351 2699 hominibus
3369 2685 3384 2700 .

2895 2737 2996 2808 sps
3024 2743 3222 2792 autem
3248 2733 3431 2793 blasse

2895 2826 3047 2885 miae
3071 2851 3085 2866 ·
3129 2845 3252 2886 non
3278 2828 3448 2888 remit

2893 2929 3042 2979 tetur
3070 2919 3402 2980 hominibus

2893 3011 3023 3072 ‘’Et
3050 3015 3401 3092 quicumque
3432 3016 3530 3076 dix

2894 3109 2999 3168 erit
3027 3108 3272 3167 uerbum

2895 3211 3099 3262 contra
3125 3201 3307 3260 filium

2895 3296 3148 3355 hominis
3205 3297 3375 3356 remit

2894 3402 3042 3452 tetur
3069 3391 3123 3450 ei
3141 3417 3155 3432 ·
3225 3392 3326 3468 qui

2895 3493 3091 3544 autem
3117 3483 3322 3543 dixerit

2895 3589 3100 3639 contra
3127 3583 3260 3655 siim
3289 3584 3414 3638 scm
3437 3603 3458 3620 ·

2892 3691 3017 3731 non
3044 3656 3364 3731 remittetur

2893 3767 2945 3825 ei
2973 3783 3164 3842 neque
3190 3767 3252 3823 in
3281 3765 3396 3826 hoc

2891 3859 3090 3918 seculo
3149 3877 3340 3937 neque

2890 3951 2951 4010 in
2978 3951 3169 4012 futuro
3193 3985 3205 3998 ·
3229 3985 3241 3999 ·
3267 3979 3350 4005 m

2138 4041 2463 4116 Quomodo
2491 4058 2633 4116 erga
2661 4049 2750 4098 sta
2851 4045 3058 4104 *⁸⁸Aut
3086 4045 3254 4106 facite
3281 4047 3428 4107 arbo

2136 4138 2222 4196 bit
2248 4154 2496 4212 regnum
2523 4135 2648 4194 eius
2849 4139 3011 4199 *rem
3037 4140 3258 4199 bonam
3279 4167 3294 4181 ·

2136 4229 2516 4306 ”Etsiegoin
2527 4227 2823 4288 beelzebul
2849 4235 2943 4293 *et
2968 4233 3220 4292 fructum
3247 4235 3370 4294 eius

2139 4314 2285 4373 eicio
2315 4311 2658 4372 daemonia·
2723 4310 2763 4368 fi
2851 4325 3111 4388 *bonum
3134 4362 3147 4378 ‚
3193 4327 3312 4387 Aut
3341 4328 3402 4388 sa

2137 4408 2196 4467 lii
2225 4407 2400 4469 uestri
2425 4406 2487 4466 in
2507 4423 2629 4486 quo
2655 4404 2764 4464 eici

2692 4507 2798 4560 unt

2884 4423 2997 4483 cite
3024 4422 3292 4483 arborem

3628 549 3754 600 1⁸01.
3774 550 3878 602 29.

4133 4978 4330 5012 .-
