4373 5048
580 376 669 427 vt.
692 378 918 441 57—v11.
944 373 1047 439 18.]

284 553 413 602 ποι.
435 554 557 603 221.
581 548 641 597 et
668 536 795 614 ipse
822 537 965 596 uiuit
994 554 1147 613 prop

580 642 668 691 ter
694 650 791 691 me
812 662 827 677 ·
886 630 1044 691 ”hic
1072 639 1161 691 est
1186 648 1265 708 pa

583 725 677 785 nis
705 726 807 802 qui
834 724 910 784 de
938 725 1103 785 caelo
1130 726 1235 785 des

581 820 780 880 cendit
802 852 817 867 ·
840 840 861 855 ⁹
888 819 1030 879 Non
1059 835 1181 896 quo

581 914 762 973 modo
790 914 1155 973 manducaue

579 1017 713 1068 runt
739 1018 933 1084 patres
960 1008 1134 1067 uestri

581 1120 798 1161 manna
825 1112 884 1161 et
910 1102 1123 1161 mortui

583 1208 721 1257 sunt
738 1228 755 1245 ·
826 1197 945 1270 Qui
974 1197 1159 1256 ederit

576 1308 793 1369 panem
819 1290 991 1351 istum
1017 1290 1177 1349 uiuet

580 1385 639 1442 in
668 1396 967 1444 aeternum
989 1415 1004 1430 ·

579 1476 799 1538 ”Haec
818 1478 961 1537 dixit
978 1478 1039 1536 in
1056 1494 1283 1556 synago

581 1591 658 1649 ga
692 1572 915 1631 docens
942 1573 1004 1629 in
1032 1588 1209 1647 caper

580 1684 761 1725 naum
782 1698 797 1711 ·
868 1664 911 1699 ⁶⁰
926 1666 1092 1725 multi
1120 1683 1261 1743 ergo

582 1778 656 1819 ex
684 1759 979 1836 discipulis
1006 1759 1132 1818 eius

580 1872 718 1913 cum
744 1854 1041 1913 audissent
1068 1854 1169 1912 dix

578 1957 745 2007 erunt
826 1948 1005 2007 durus
1032 1957 1121 2007 est

578 2060 771 2102 sermo
800 2042 906 2101 iste
973 2042 1103 2118 quis
1132 2058 1212 2118 po

579 2147 693 2197 test
720 2138 917 2196 audire
954 2154 1089 2195 eum
1113 2168 1127 2183 ·

576 2231 621 2264 ⁶¹
642 2230 849 2291 Sciens
877 2240 1073 2289 autem
1101 2230 1191 2289 ihs

577 2327 640 2384 in
666 2335 852 2385 semet
878 2325 1071 2403 ipsum

579 2689 714 2766 quia
741 2691 1176 2749 murmurabant

1852 354 2300 428 IOHANNE'
2311 397 2325 412 ·

1333 535 1377 571 ⁶⁶
1393 535 1471 595 Et
1496 536 1727 596 dicebat
1749 568 1765 585 ·
1826 555 1978 615 prop

1332 640 1491 691 terea
1519 629 1637 690 dixi
1661 630 1834 690 uobis

1333 728 1471 803 quia
1497 744 1675 785 nemo
1709 734 1903 803 potest

1332 821 1533 879 uenire
1560 820 1637 879 ad
1664 837 1761 879 me
1844 822 1892 879 si

1334 932 1458 974 non
1481 914 1683 973 datum
1711 913 1881 974 suerit
1907 914 1961 975 ei

1336 1026 1372 1066 a
1388 1019 1551 1085 patre
1572 1026 1726 1067 meo·
1754 1007 1899 1067 “Ex
1911 1009 2015 1069 h⁰c

1335 1102 1503 1161 multi
1528 1114 1889 1163 recesserunt

1332 1215 1407 1256 ex
1436 1195 1733 1273 discipulis
1756 1197 1881 1257 eius

1332 1302 1485 1350 retro
1514 1301 1573 1349 et
1599 1309 1736 1350 cum
1764 1291 1864 1350 illo

1333 1404 1455 1444 non
1483 1385 1857 1445 ambulabant
1877 1417 1892 1434 ·

1332 1479 1549 1540 ”Dixit
1564 1498 1708 1557 ergo
1730 1480 1820 1539 ihs
1843 1480 1917 1539 ad
1938 1480 2017 1540 du

1334 1573 1566 1632 odecim
1635 1574 1925 1651 numquid

1330 1676 1389 1725 et
1416 1684 1527 1726 uos
1554 1666 1725 1726 uultis
1752 1667 1835 1726 ire

1331 1759 1375 1794 ⁶⁸
1394 1759 1722 1839 Respondit
1748 1779 1891 1838 ergo
1918 1760 1997 1821 illi

1332 1855 1525 1915 simon
1554 1865 1751 1931 petrus
1770 1886 1785 1901 ·
1854 1855 1969 1915 diie
1993 1888 2010 1903 ·

1331 1948 1406 2006 ad
1436 1966 1613 2025 quem
1641 1948 1853 2007 ibimus

1330 2044 1512 2101 uerba
1537 2042 1690 2101 uitae
1720 2052 1878 2101 aeter

1333 2153 1408 2194 ne
1435 2135 1621 2195 habes
1638 2166 1653 2183 ·
1706 2137 1750 2170 ⁸⁹
1766 2136 1843 2195 Et
1871 2154 1983 2197 nos

1330 2228 1683 2290 credidimus
1711 2240 1768 2290 et
1796 2250 1911 2307 cog

1330 2326 1604 2387 nouimus
1631 2332 1773 2403 qiim
1802 2336 1865 2384 tu
1893 2342 1957 2387 es

1330 2685 1443 2758 xps
1470 2679 1619 2739 filius
1648 2679 1707 2740 di
1732 2680 1852 2739 uiui
1872 2713 1886 2727 ·

581 2783 655 2842 de
684 2783 800 2842 hoc
831 2783 1097 2860 discipuli
1119 2784 1243 2842 eius
1263 2814 1277 2830 .
1304 2775 1351 2808 ⁷⁰
1362 2774 2029 2852 Responditilliihs·non

581 2878 724 2935 dixit
750 2877 858 2937 illis
887 2877 1003 2936 hoc
1029 2895 1141 2937 uos

580 2971 936 3031 scandalizat
954 3002 969 3018 ·
1040 2971 1085 3005 ⁶²
1096 2969 1238 3049 quid

580 3067 629 3124 si
656 3064 911 3124 uideritis
940 3063 1123 3124 filium

578 3157 832 3219 hominis
902 3159 1197 3218 ascenden

578 3262 699 3312 tem
725 3253 826 3313 ubi
856 3263 978 3338 erat
1004 3254 1246 3330 primu*
1264 3282 1279 3298 ·

577 3347 621 3381 ⁸⁸
638 3353 739 3424 sps
766 3358 856 3407 est
882 3349 1039 3407 enim
1065 3347 1165 3424 qui
1192 3344 1254 3406 ui

578 3442 773 3501 uificat
854 3461 991 3502 caro
1020 3442 1164 3500 nihil

578 3536 817 3614 prodest
839 3568 853 3583 ·
879 3569 894 3582 ·
964 3538 1147 3595 uerba

578 3649 727 3707 quae
754 3647 870 3706 ego
895 3630 1127 3690 locutus
1156 3634 1225 3688 sfl

581 3723 752 3784 uobis
774 3756 788 3770 ·
860 3729 961 3801 sps
990 3733 1078 3782 est
1159 3733 1217 3782 et

578 3818 699 3876 uita
726 3828 817 3877 est
834 3849 849 3864 ·
894 3819 938 3851 ⁶⁴
957 3816 1075 3876 Sed
1102 3835 1178 3876 ex
1202 3834 1281 3875 uo

578 3912 669 3971 bis
697 3922 832 3972 sunt
860 3911 1096 3989 quidam

583 4008 683 4083 qui
710 4025 834 4066 non
862 4006 1108 4066 credunt
1128 4037 1142 4052 ·

583 4100 815 4160 Sciebat
841 4101 1001 4159 enim
1029 4100 1104 4158 ab
1133 4100 1215 4157 ini

579 4195 663 4254 tio
690 4195 780 4253 ihs
863 4194 963 4271 qui
990 4213 1112 4253 non
1143 4212 1208 4253 es

584 4300 711 4349 sent
740 4290 1009 4349 credituri
1034 4320 1047 4335 ·

582 4395 641 4444 et
668 4385 769 4462 qui
798 4397 952 4444 esset
980 4383 1080 4460 qui
1108 4393 1231 4442 eu-

583 4490 706 4539 erat
732 4477 1041 4538 traditurus

1332 2887 1406 2928 ne
1435 2887 1549 2946 ego
1576 2887 1685 2928 uos
1715 2869 1910 2929 duode

1331 2963 1447 3023 cim
1474 2963 1622 3040 elegi
1654 2973 1711 3022 et
1736 2981 1887 3023 unus
1915 2982 1989 3023 ex

1329 3057 1499 3117 uobis
1528 3057 1793 3117 diabolus
1819 3066 1908 3116 est
1930 3089 1944 3103 ·

1328 3149 1621 3210 ”Dicebat
1639 3162 1833 3210 autem
1849 3151 2033 3216 iuda*

1332 3245 1623 3305 simonem
1648 3244 1933 3305 scariothe

1334 3338 1452 3398 Hic
1482 3341 1639 3398 enirn
1668 3339 1975 3398 traditurus

1330 3444 1453 3492 erat
1479 3433 1641 3493 illum
1668 3451 1819 3492 unus
1847 3439 1923 3491 εὖ

1331 3538 1484 3587 esset
1512 3547 1585 3586 ex
1608 3527 2017 3586 duodecim—

1392 3647 1477 3673 ὦ
1557 3647 1639 3673 Q*
1720 3646 1802 3672 Ψ
1882 3646 1965 3674 ὦ

1332 3722 1390 3778 ’1.
1418 3715 1437 3747 ¹
1450 3715 1527 3774 Et
1555 3715 1891 3775 ambulabat
1917 3714 2007 3772 ihs

1334 3820 1471 3886 post
1498 3809 1608 3868 hec
1630 3809 1688 3866 in
1710 3808 1982 3885 galileam
2001 3839 2014 3854 ·

1334 3922 1455 3964 non
1484 3904 1642 3962 enim
1670 3902 1905 3963 uolebat

1335 3999 1398 4057 in
1428 3997 1661 4057 iudeam
1688 3997 1925 4056 ambula

1330 4110 1393 4180 re
1418 4124 1431 4139 ·
1503 4099 1646 4168 qsim
1674 4109 1885 4168 quaere

1335 4188 1477 4245 bant
1505 4204 1640 4244 eum
1669 4185 1858 4244 iudaei
1885 4185 1948 4242 in

1332 4280 1591 4340 terficere
1614 4311 1631 4326 ·
1700 4276 1723 4309 ²
1738 4289 1860 4337 erat

1334 4375 1492 4434 enim
1520 4374 1581 4431 in
1606 4375 1940 4450 proximum

1338 4468 1463 4528 dies
1492 4467 1789 4528 sollemnis
1816 4467 1949 4526 iude

2137 553 2310 596 orum
2338 537 2694 613 scenopegia
2712 566 2727 583 ·

2137 630 2158 663 ⁸
2176 629 2463 689 Dixerunt
2490 648 2633 708 ergo
2659 629 2738 689 ad

2134 742 2272 783 eum
2300 726 2500 784 fratres
2527 726 2652 784 eius
2670 756 2685 771 ·

2136 819 2315 877 transi
2343 819 2480 878 hinc
2508 828 2566 877 et
2592 836 2670 877 ua

2138 911 2200 969 in
2229 911 2499 971 iudaeam
2567 922 2632 971 ut
2659 923 2718 972 et

2139 1005 2405 1082 discipuli
2433 1006 2514 1065 tui
2541 1005 2678 1065 uide

2138 1105 2241 1157 ant
2266 1117 2448 1176 opera
2474 1117 2624 1177 quae
2654 1099 2713 1159 sa

2138 1194 2224 1252 cis
2246 1224 2261 1239 ·
2321 1194 2343 1227 ⁴
2361 1192 2556 1253 Nemo
2583 1195 2742 1253 enim

2138 1286 2200 1344 in
2227 1287 2456 1347 occulto
2483 1287 2699 1364 aliquid

2134 1379 2276 1439 facit
2327 1390 2387 1439 et
2413 1392 2648 1457 quaeret
2674 1382 2738 1459 ip

2134 1492 2199 1533 se
2227 1476 2289 1533 in
2315 1475 2511 1552 palam
2538 1494 2668 1535 esse

2137 1568 2202 1628 Si
2230 1568 2372 1628 haec
2400 1569 2544 1629 facis
2571 1569 2818 1631 manises

2134 1672 2196 1723 ta
2221 1672 2276 1721 te
2307 1664 2502 1740 ipsum
2529 1663 2668 1724 huic

2134 1758 2358 1817 mundo
2376 1786 2392 1805 ο
2464 1758 2486 1791 ⁵
2502 1775 2728 1835 nequae

2132 1852 2292 1910 enim
2319 1861 2457 1910 tunc
2487 1851 2689 1912 fratres

2134 1946 2260 2005 eius
2287 1946 2654 2005 crediderunt

2135 2040 2196 2098 in
2226 2057 2361 2098 eum
2380 2069 2396 2086 ·
2458 2038 2653 2099 ‘Dicit
2679 2058 2756 2099 au

2133 2143 2256 2193 tem
2283 2134 2394 2191 illis
2419 2132 2509 2193 ihs
2589 2144 2708 2193 tem

2134 2245 2248 2305 pus
2277 2246 2476 2287 meum
2503 2228 2709 2287 nondii

2138 2322 2378 2382 aduenit
2455 2332 2688 2399 tempus

2140 2685 2336 2735 autem
2363 2683 2617 2734 uestrum
2648 2691 2773 2732 sem

2138 2788 2244 2847 per
2272 2777 2359 2828 est
2385 2779 2653 2845 paratum
2679 2798 2692 2813 ·

2138 2864 2160 2897 ⁷
2182 2861 2324 2922 Non
2352 2871 2543 2939 potest
2564 2861 2658 2920 hic
2681 2877 2824 2923 mun

2138 2957 2248 3016 dus
2275 2956 2438 3016 odire
2465 2973 2576 3014 uos
2645 2973 2741 3014 me

2136 3062 2333 3111 autem
2361 3049 2520 3109 odit·
2581 3049 2720 3126 quia

2135 3164 2252 3223 ego
2279 3143 2554 3204 testificor
2580 3142 2653 3202 de
2682 3141 2722 3201 il

2138 3240 2196 3299 lo
2279 3243 2422 3316 qiim
2451 3255 2630 3313 opera
2657 3236 2782 3300 eius

2134 3334 2394 3412 pessima
2421 3340 2555 3391 sunt
2577 3363 2590 3378 ·
2618 3362 2631 3376 ·

2134 3428 2286 3487 ⁸Uos
2297 3424 2840 3487 ascenditeadhunc

2136 3523 2293 3581 diem
2319 3520 2665 3580 sollemnem
2689 3550 2703 3564 ·

2137 3616 2272 3694 Ego
2301 3624 2494 3673 autem
2522 3612 2792 3673 nondum

2138 3709 2398 3770 ascendo
2417 3740 2431 3754 ·
2496 3714 2640 3784 qiim
2669 3724 2765 3765 me

2139 3823 2242 3864 um
2270 3815 2500 3881 tempus
2528 3801 2735 3860 nondii
2783 3827 2793 3832 ·

2140 3898 2446 3975 impletum
2474 3905 2562 3956 est
2585 3927 2599 3942 ·

3505 320 3619 447 51⁹

2889 534 3236 595 sollemnem
3316 552 3442 593 non
3469 552 3549 611 pa
3615 550 3738 600 ποι.
3761 550 3890 602 228.

2889 627 3007 686 lam
3037 627 3142 687 sed
3169 628 3334 705 quasi
3361 629 3532 688 occul

2893 730 2986 781 tae
3005 752 3019 767 -
3044 717 3298 781 nIudaei
3316 739 3459 799 ergo
3477 740 3592 799 que

2889 817 3093 875 rebant
3120 833 3256 875 eum
3284 816 3344 873 in
3373 816 3466 875 die

2891 909 3152 968 solemne
3180 920 3239 968 et
3265 910 3532 969 diceb⁸nt

2889 1004 2992 1061 ubi
3021 1014 3109 1063 est
3134 1004 3228 1062 ille
3251 1035 3267 1050 ·
3331 1002 3441 1063 ²²et
3461 1022 3594 1065 mur

2889 1115 3021 1155 mur
3049 1097 3124 1158 de
3154 1098 3254 1157 illo
3283 1098 3470 1158 sactus

2890 1200 2978 1251 est
3005 1210 3258 1269 magnus
3287 1194 3349 1251 in
3377 1194 3473 1269 ple

2887 1286 2963 1343 be
2982 1316 2996 1331 ·
3068 1285 3307 1361 quidam
3335 1287 3496 1345 enim

2886 1379 3164 1439 dicebant
3188 1380 3324 1457 quia
3349 1381 3430 1439 bo

2887 1491 3000 1533 nus
3029 1483 3117 1533 est
3141 1504 3156 1519 ·
3221 1474 3318 1533 alii
3345 1474 3476 1533 dice

2887 1567 3032 1627 bant
3058 1585 3182 1627 non
3209 1567 3317 1627 sed
3345 1567 3492 1626 sedu

2886 1660 2966 1719 cit
2995 1661 3277 1738 populum
3300 1691 3315 1708 ·
3373 1661 3416 1695 ³³
3435 1660 3529 1720 Ne

2887 1771 2988 1812 mo
3016 1763 3214 1813 tamen
3241 1764 3492 1815 constan

2887 1858 2974 1909 ter
3001 1841 3074 1907 de
3100 1848 3201 1908 illo
3227 1849 3482 1926 loqueba

2886 1953 2978 2002 tur
3003 1952 3242 2020 propter
3267 1948 3430 2001 metii

2887 2037 3228 2097 iudaeorum
3257 2066 3273 2083 ·
3316 2042 3353 2100 Ἰ·
3372 2036 3415 2069 ¹⁴
3432 2036 3512 2097 Et

2886 2148 3023 2191 cum
3051 2132 3168 2190 iam
3196 2129 3320 2191 dies
3349 2131 3470 2191 sole

2886 2226 2979 2284 nis
3007 2226 3084 2285 ad
3111 2225 3371 2284 medium
3398 2243 3505 2303 per

2889 2320 3149 2378 uenisset
3166 2350 3181 2365 ·
3253 2319 3453 2379 Ascen

2893 2424 3198 2475 mediantem
3273 2430 3595 2489 penteconste

2894 2502 3046 2554 lectio
3063 2501 3308 2568 euangelii
3325 2502 3594 2553 secondum

2893 2582 3112 2637 iuhatme

2892 2662 2976 2720 dit
3005 2661 3096 2720 ihs
3125 2661 3186 2719 in
3215 2659 3433 2736 templo
3462 2669 3530 2718 et

2894 2755 3142 2819 docebat
3160 2784 3176 2801 ·
3233 2753 3278 2787 ¹⁶
3297 2752 3574 2813 Miraban

2890 2860 2983 2910 tur
3009 2859 3205 2910 autem
3232 2847 3423 2906 iudaei
3452 2847 3512 2906 di

2892 2953 3092 3006 centes
3115 2973 3130 2988 ·
3201 2940 3510 3018 quomodo

2891 3036 2986 3099 hic
3016 3036 3229 3099 litteras
3257 3037 3366 3095 scit
3393 3035 3496 3110 qui

2893 3149 3016 3190 non
3047 3131 3246 3190 didicit
3269 3160 3283 3175 ·
3306 3160 3320 3176 ·
3365 3127 3410 3162 ¹⁶
3429 3129 3552 3188 Res

2893 3224 3129 3301 spondit
3155 3241 3299 3299 ergo
3329 3223 3436 3280 illis
3463 3222 3554 3280 ihs

2888 3329 2948 3379 et
2976 3319 3121 3381 dixit
3201 3335 3334 3376 mea
3363 3314 3550 3376 doctri

2892 3431 2970 3472 na
2999 3431 3120 3473 non
3147 3423 3236 3472 est
3263 3429 3395 3470 mea
3423 3410 3530 3470 sed

2893 3508 3019 3566 eius
3047 3507 3148 3583 qui
3175 3524 3270 3565 me
3299 3506 3455 3564 misit
3477 3535 3492 3552 ·

2895 3601 2938 3635 ¹⁷
2952 3600 3013 3659 Si
3042 3601 3172 3682 quis
3199 3599 3448 3658 uoluerit
3474 3615 3556 3656 uo

2893 3695 3177 3754 luntatem
3206 3694 3329 3753 eius
3357 3691 3487 3751 face

2893 3807 2957 3847 re
2977 3821 2990 3835 ·
3050 3787 3358 3863 cognoscit
3385 3787 3462 3844 de
3489 3784 3596 3844 d⁰c

2893 3884 3042 3942 trina
3108 3891 3305 3941 utrum
3334 3897 3408 3938 ex
3436 3878 3517 3937 do

2138 3993 2312 4052 ’Hoc
2331 4009 2466 4050 cum
2484 3990 2722 4049 dixisset
2736 3987 2846 4047 illis
2893 3976 2967 4035 Sit
3048 3994 3125 4034 21²
3153 3992 3270 4050 38⁰
3292 3991 3328 4032 a
3348 3990 3443 4031 me
3465 3973 3598 4048 iPSO

2142 4087 2358 4145 mansit
2385 4087 2444 4143 in
2473 4083 2679 4160 galilea
2701 4115 2716 4130 ·

2142 4181 2333 4240 ¹⁰cum
2361 4189 2556 4238 autem
2585 4194 2765 4236 ascen

2130 4275 2350 4338 ‚derunt
2377 4273 2578 4332 fratres
2608 4271 2647 4330 il

2144 4370 2253 4428 lius
2276 4401 2290 4415 ·
2361 4379 2500 4426 tunc
2529 4377 2586 4425 et
2614 4367 2738 4442 ipse

2144 4461 2404 4525 ascendit
2431 4463 2494 4519 in
2523 4460 2679 4520 diem

2892 4070 3102 4147 loquor
3122 4100 3136 4115 ·
3179 4067 3222 4100 ²⁸
3232 4069 3331 4144 qui
3351 4085 3388 4125 a
3415 4074 3600 4126 semet

2896 4165 3027 4241 ipso
3054 4163 3308 4240 loquitur
3388 4159 3490 4237 glo

2897 4259 3044 4317 riam
3072 4257 3364 4333 propriam
3393 4271 3506 4331 que

2897 4354 2969 4411 rit
2993 4382 3006 4397 ·
3078 4351 3176 4426 qui
3201 4360 3397 4410 autem
3428 4364 3542 4423 que

2897 4448 2967 4506 rit
2995 4445 3239 4522 gloriam
3269 4443 3390 4502 eius
3416 4441 3516 4519 qui

3164 4557 3205 4599 fl
3240 4557 3270 4594 2
