4373 5048
608 366 756 415 xm.
780 360 969 429 8-30.]

317 528 443 579 ποι.
465 527 555 580 82.
602 527 823 586 bonam
884 535 943 585 et
970 524 1194 586 dabunt

600 621 857 682 fructum
917 638 1071 697 quae

603 716 743 775 dam
771 715 1095 774 centesimi}
1117 742 1130 756 ·

602 808 683 869 Et
709 809 865 869 aliud
894 809 1205 885 sexagensi

602 921 767 963 mum
792 930 807 945 ·
864 903 943 963 Et
968 903 1127 964 aliud

600 998 957 1057 tricesimum
980 1022 993 1039 ·

602 1091 625 1124 ⁹
642 1092 743 1169 qui
770 1091 944 1152 habet
972 1108 1145 1152 aures

602 1184 875 1244 audiendi
910 1186 1103 1245 audiat
1124 1213 1139 1227 ·

602 1280 649 1313 ¹⁰
663 1278 741 1339 Et
768 1280 1115 1340 accedentes
1147 1280 1225 1342 ad

604 1392 741 1432 eum
770 1373 1033 1451 discipuli
1056 1401 1069 1415 ·

602 1469 868 1527 dixerunt
895 1469 949 1528 ei
1011 1485 1129 1545 qua

602 1581 664 1622 re
691 1562 753 1621 in
780 1563 1071 1639 parabolis

502 1715 507 1720 ,
602 1656 858 1734 loqueris
885 1657 969 1715 eis
992 1682 1005 1697 ·

605 1752 737 1809 ¹¹At
762 1752 888 1827 ipse
917 1768 1136 1829 respon

607 1844 756 1903 dens
789 1846 869 1903 ait
894 1844 1003 1904 illis
1026 1870 1039 1884 ·
1102 1845 1241 1922 quia

605 1939 776 1999 uobis
802 1938 1004 1998 datum
1032 1949 1121 1999 est

606 2051 781 2093 nosse
810 2033 1087 2111 mysterit'i

605 2129 771 2204 regni
799 2128 1092 2187 caelorum
1110 2154 1125 2170 ·

606 2222 714 2282 illis
742 2232 937 2281 autem
971 2239 1094 2282 non

607 2326 696 2376 est
721 2317 922 2376 datum
947 2343 962 2358 ·
1003 2314 1048 2349 ¹²
1063 2316 1164 2394 qui

608 2448 765 2506 enim
793 2446 970 2507 habet
997 2447 1135 2507 dabi

606 2552 699 2600 tur
725 2542 777 2600 ei
834 2552 891 2602 et
917 2540 1153 2601 abunda

609 2636 694 2694 bit
725 2635 802 2694 illi
827 2661 841 2676 ·
906 2636 1005 2713 qui
1033 2639 1163 2694 aute

610 2748 733 2789 non
762 2729 939 2788 habet
962 2755 975 2769 ·
1020 2737 1077 2788 et
1104 2727 1255 2806 quod

610 2821 787 2882 habet
814 2822 1105 2882 auferetur

610 2917 687 2975 ab
713 2936 787 2976 eo
806 2947 819 2962 ·
864 2915 1071 2976 ²⁸Ideo
1098 2917 1162 2976 in
1188 2934 1267 2995 pa

608 2999 821 3064 rabolis
849 3000 1057 3076 loquor

609 3092 720 3151 illis
741 3120 754 3134 ·
814 3098 957 3170 qfim
990 3091 1168 3152 uiden

608 3195 697 3247 tes
726 3205 847 3247 non
877 3187 1077 3246 uident
1098 3213 1112 3228 ·

607 3279 686 3340 Et
704 3281 1001 3341 audientes
1029 3299 1151 3342 non

607 3375 851 3434 audiunt
867 3400 880 3414 ·
942 3393 1131 3452 neque

607 3469 979 3546 intellegunt·
1020 3470 1067 3504 ¹⁴
1084 3470 1163 3530 Et

608 3564 910 3640 conpletur
935 3563 1045 3623 illis
1064 3597 1079 3612 ·

608 3658 887 3736 profetiae
906 3661 1136 3720 aesaiae

609 3752 858 3811 dicentis
876 3779 891 3794 ·
960 3758 975 3785 ‘
994 3752 1151 3812 Audi

588 3850 682 3904 ‘tu
709 3847 953 3907 audietis
975 3872 990 3887 ·
1032 3857 1091 3908 et
1118 3866 1243 3907 non

585 3941 954 4018 ‘intellegetis
978 3968 991 3982 ·
1051 3951 1111 4001 et

584 4052 599 4078 τ
621 4035 891 4094 uidentes
918 4035 1114 4094 uidebi

583 4133 599 4160 ‘
618 4129 689 4189 tis
710 4155 723 4170 ·
788 4139 847 4188 et
874 4147 997 4188 non
1024 4130 1222 4190 uidebi

584 4229 600 4256 ‘
618 4222 749 4282 bitis
774 4250 787 4265 ·
850 4221 897 4258 ¹⁸
912 4223 1171 4286 incrassa

1848 350 1985 412 MA
2003 338 2323 413 TTHEc'i’
2339 382 2353 399 ·

1336 529 1351 558 ⁸
1366 533 1491 583 tum
1517 534 1605 584 est
1632 524 1791 584 enim
1817 542 1925 586 cor

1334 612 1351 637 ‘
1366 607 1567 684 populi
1602 606 1771 667 huius
1790 632 1803 648 ·

1334 705 1349 731 ‘
1368 698 1445 759 Et
1470 700 1702 759 auribus
1724 702 1891 778 graui

1334 799 1350 826 ‘
1366 804 1453 853 ter
1478 794 1784 855 audierunt
1803 822 1818 837 ·

1334 893 1350 922 ‘
1367 886 1444 947 Et
1470 888 1675 949 oculos
1702 907 1841 949 suos
1869 908 1976 967 gra

1331 984 1349 1014 ‘
1364 992 1649 1042 uauerunt
1670 1008 1684 1024 ·
1747 1002 1825 1044 ne

1330 1080 1347 1109 ‘
1366 1077 1605 1154 quando
1636 1077 1875 1139 uideant

1334 1173 1349 1202 ‘
1364 1172 1583 1231 oculis·
1643 1180 1703 1230 et
1729 1172 1853 1231 auri

1332 1268 1347 1297 ⁸
1366 1266 1475 1325 bus
1502 1266 1739 1326 audiant
1760 1292 1773 1308 ·
1838 1276 1897 1327 et

1334 1363 1350 1390 ‘
1367 1360 1543 1419 corde
1569 1360 1901 1437 intelleg⁸nt

1334 1455 1351 1484 ‘
1367 1463 1427 1513 et
1455 1464 1866 1515 conuertantur

1334 1551 1349 1577 ‘
1366 1557 1426 1607 et
1453 1565 1655 1607 sanem
1682 1566 1784 1609 eos
1814 1575 1874 1595 ·-·

1358 1639 1401 1674 ¹⁸
1418 1639 1613 1701 Uestri
1640 1652 1835 1702 autem
1862 1644 1939 1703 be

1358 1735 1436 1795 ati
1462 1736 1619 1795 oculi
1676 1742 1819 1813 qilm

1358 1830 1558 1889 uident
1576 1856 1589 1871 ·
1656 1840 1717 1891 et
1742 1842 1901 1892 aure·

1360 1924 1847 2079 ἓῦῖωἶῗιὼέυἳὲἑη
1881 2020 1943 2081 di

1363 2129 1438 2172 co
1462 2113 1633 2172 uobis
1652 2140 1667 2154 ·
1730 2120 1875 2192 qt‘im

1362 2206 1529 2265 multi
1560 2208 1822 2284 profetae

1364 2310 1423 2360 et
1448 2300 1582 2360 iusti
1642 2301 1814 2380 cupie

1362 2439 1497 2490 runt
1528 2432 1724 2493 uidere
1756 2452 1905 2511 quae

1362 2524 1571 2585 uidetis
1598 2539 1657 2586 et
1684 2546 1809 2588 non

1364 2619 1631 2680 uiderunt
1652 2653 1665 2667 ·
1728 2620 1805 2681 Et
1833 2641 1907 2682 au

1366 2713 1486 2771 dire
1514 2731 1665 2791 quae
1693 2716 1897 2776 auditis
1918 2744 1931 2757 ·

1365 2816 1423 2864 et
1456 2825 1579 2866 non
1614 2809 1919 2870 audierunt
1938 2837 1953 2850 ·

1364 2899 1408 2932 ¹⁸
1426 2899 1555 2959 Uos
1582 2921 1725 2978 ergo
1754 2904 1945 2964 audite

1365 2996 1704 3070 parabolam
1734 2999 1879 3056 semi

1364 3090 1592 3148 nantis·
1638 3087 1683 3123 ¹⁹
1704 3090 1919 3152 Omnis

1362 3182 1644 3242 audientis
1669 3187 1851 3244 uerbii

1362 3278 1527 3354 regni
1554 3287 1613 3336 et
1639 3296 1763 3337 non
1790 3280 1851 3337 in

1362 3371 1717 3448 tellegentis·
1777 3391 1853 3434 ue

1362 3465 1447 3525 nit
1474 3467 1663 3527 malus
1688 3477 1747 3527 et
1771 3469 1923 3546 rapit

1363 3561 1525 3638 quod
1554 3563 1837 3622 seminati}

1364 3667 1451 3716 est
1478 3657 1540 3714 in
1568 3657 1745 3717 corde
1772 3659 1874 3717 illo

1365 3769 1496 3810 rum
1522 3777 1535 3789 ·
1594 3751 1690 3811 hic
1720 3761 1809 3812 est

1366 3847 1467 3924 qui
1494 3863 1661 3906 secus
1688 3847 1845 3905 uiam
1872 3865 1935 3907 se

1368 3943 1619 4001 minatus
1646 3951 1734 4002 est
1757 3969 1771 3982 ·

1368 4035 1414 4070 ¹⁰
1432 4036 1774 4109 Qui·autem
1802 4055 1977 4116 supra

1369 4142 1605 4210 petrosa
1630 4132 1854 4191 semina

1370 4235 1466 4286 tus
1495 4235 1621 4287 est·
1682 4225 1778 4286 hic
1806 4235 1895 4288 est

2159 524 2260 601 qui
2287 524 2532 583 uerbum
2559 528 2697 584 meti

2159 617 2321 677 audit
2373 628 2432 677 et
2458 618 2638 678 intelli

2161 712 2245 789 git
2267 737 2280 752 ·
2344 722 2404 772 et
2430 713 2710 774 continuo

2160 823 2299 866 cum
2325 805 2542 882 gaudio
2569 807 2695 867 acci

2162 899 2248 976 pit
2269 899 2412 959 illud
2432 926 2445 941 ·
2504 896 2548 931 ²¹
2565 918 2688 961 non
2717 899 2796 960 ha

2162 994 2262 1052 bet
2294 1001 2487 1051 autem
2515 993 2575 1052 in
2603 1011 2668 1053 se

2162 1086 2420 1145 radicem
2453 1087 2558 1147 sed
2586 1090 2644 1146 te

2163 1179 2382 1257 poralis
2409 1190 2499 1239 est
2522 1205 2535 1219 ·
2595 1179 2645 1239 F
2646 1196 2717 1241 ac

2164 1282 2223 1333 ta
2256 1282 2451 1333 autem
2485 1274 2636 1334 tribu

2164 1368 2378 1428 latione
2407 1368 2504 1428 uel
2531 1387 2638 1445 per

2164 1463 2461 1523 secutione
2495 1481 2642 1540 prop

2165 1567 2254 1617 ter
2280 1558 2522 1615 uerbum
2545 1590 2558 1604 ·
2641 1558 2648 1565 '

2164 1652 2449 1711 continuo
2479 1668 2623 1710 scan

2164 1743 2476 1803 dalizamr·
2519 1740 2564 1775 ²³
2579 1744 2659 1803 At

2166 1837 2258 1898 his
2317 1840 2507 1916 quiin
2535 1839 2715 1915 spinis

2166 1933 2482 1994 seminatus
2514 1942 2604 1994 est

2168 2028 2262 2087 hic
2293 2036 2380 2087 est
2408 2028 2508 2105 qui
2536 2044 2641 2086 uer

2166 2123 2313 2182 bum
2341 2138 2542 2179 meum
2571 2138 2646 2179 au

2169 2217 2292 2276 dit·
2352 2224 2410 2275 et
2443 2213 2688 2273 sollicitu

2168 2309 2249 2371 do
2277 2308 2456 2369 seculi
2483 2308 2652 2367 huius

2173 2453 2233 2504 et
2259 2440 2534 2518 uoluptas
2563 2439 2680 2499 diui

2171 2538 2381 2596 tiarum
2409 2535 2658 2594 suffucat

2172 2631 2418 2689 uerbum
2475 2638 2533 2687 et
2550 2627 2672 2686 sine

2173 2725 2363 2784 fructu
2391 2721 2632 2780 efficitur
2655 2753 2668 2767 ·
2697 2753 2776 2766 ·-

2172 2817 2218 2852 ²⁸
2236 2817 2336 2894 qui
2363 2833 2506 2875 uero
2541 2815 2600 2872 in
2629 2824 2715 2874 ter

2172 2929 2300 2971 ram
2328 2912 2550 2969 bonam
2570 2927 2632 2968 se

2172 3006 2423 3064 minatus
2450 3011 2540 3061 est
2561 3029 2576 3043 ·

2171 3099 2264 3158 hic
2294 3107 2382 3156 est
2404 3099 2503 3173 qui
2531 3097 2714 3155 uerba

2171 3209 2372 3250 meum
2397 3191 2560 3250 audit
2578 3200 2635 3249 et

2169 3286 2430 3362 intelligit
2455 3311 2467 3326 ·
2529 3295 2668 3346 tunc

2171 3381 2339 3440 affert
2365 3391 2424 3438 et
2450 3379 2587 3438 facit

2173 3473 2326 3534 aliud
2355 3473 2592 3553 quidem
2621 3491 2735 3532 cen

2170 3571 2475 3630 tessimum
2498 3595 2512 3610 ·
2560 3567 2716 3627 aliud

2174 3664 2606 3740 sexagesimum
2629 3689 2642 3702 ·
2705 3679 2742 3720 a

2174 3757 2294 3816 liud
2321 3758 2676 3816 tricesimum
2695 3782 2796 3809 aas

2125 3853 2157 3890 *
2174 3847 2220 3884 ²⁴
2236 3851 2432 3910 Aliam
2459 3849 2781 3929 parabola·-

2129 3942 2159 3977 *
2177 3947 2482 4022 proposuit
2508 3944 2620 4002 illis

2130 4039 2159 4071 '¹‘
2180 4040 2414 4099 dicens·
2483 4038 2683 4098 Simile

2125 4135 2159 4174 *
2178 4145 2267 4194 est
2290 4151 2537 4211 regnum
2566 4132 2733 4193 caelo

2174 4247 2308 4289 rum
2335 4229 2561 4290 homini
2593 4231 2692 4307 qui

3541 371 3618 437 17

2911 524 3218 584 seminauit
3245 524 3407 586 bonu

2913 636 3116 677 semen
3145 619 3206 679 in
3225 638 3371 696 agro

2916 730 3061 772 suo·
3126 708 3173 746 ²⁶
3193 712 3344 773 Cum
3375 718 3508 775 aut&

2918 804 3240 867 dormirent
3267 806 3348 867 ho

2917 900 3105 959 mines
3128 928 3141 941 ·
3201 902 3407 961 ueniti

2919 994 3167 1053 nimicus
3195 996 3320 1054 eius

2919 1095 2977 1145 et
3005 1088 3313 1148 seminauit

2917 1181 3136 1241 zizania
3161 1183 3223 1241 in
3251 1183 3449 1244 medio

2918 1276 3086 1335 tritici
3145 1286 3204 1334 et
3229 1278 3400 1335 abiit·

2919 1367 2964 1403 ⁹⁸
2981 1368 3133 1429 Cum
3160 1381 3357 1431 autem
3385 1388 3484 1433 cre

2919 1463 3139 1523 uissent
3165 1462 3348 1523 herba

2920 1566 2980 1616 et
3005 1556 3254 1616 fructum
3285 1556 3427 1618 fecis

2920 1659 3051 1709 sent
3068 1677 3082 1691 ·
3138 1660 3279 1710 tunc
3308 1669 3466 1729 appa

2920 1754 3158 1803 ruerunt
3185 1744 3406 1803 zizania
3432 1768 3447 1784 ·

2922 1836 2967 1872 ¹⁷
2975 1838 3335 1898 Acceserunt
3363 1843 3498 1898 aute

2925 1933 3077 1991 serui
3103 1932 3284 2010 patris
3310 1931 3368 1991 fa

2924 2027 3112 2085 milias
3168 2035 3227 2086 et
3255 2026 3390 2086 dixe

2923 2129 3058 2179 runt
3083 2119 3172 2179 ei·
3251 2118 3369 2181 dne
3397 2138 3520 2181 non

2924 2231 2998 2272 ne
3025 2214 3248 2272 bonum
3277 2231 3480 2273 semen

2925 2307 3222 2367 seminasti
3249 2307 3310 2365 in
3337 2324 3483 2383 agro

2927 2448 3031 2500 tuo
3049 2466 3062 2481 ·
3125 2438 3282 2497 unde
3311 2456 3452 2515 ergo

2926 2533 3102 2592 habet
3129 2533 3348 2592 zizania
3371 2559 3384 2572 ·

2925 2625 2968 2660 ²⁸
2986 2628 3066 2686 At
3086 2627 3179 2686 ille
3207 2626 3286 2685 ai¹²
3299 2627 3383 2686 eis
3402 2652 3416 2667 ·
3445 2625 3608 2686 inimi

2928 2738 3032 2780 cus
3061 2719 3242 2779 homo
3271 2719 3386 2779 hoc
3415 2719 3471 2779 fe

2928 2815 3007 2874 cit
3029 2839 3044 2855 ·
3105 2813 3267 2872 Serui
3297 2817 3432 2873 aute

2931 2909 3199 2968 dixerunt
3231 2909 3286 2967 ei
3311 2931 3324 2948 ·
3382 2908 3472 2966 uis

2927 3019 3071 3079 ergo
3100 3012 3306 3062 euntes
3333 3001 3430 3061 col

2925 3097 3178 3173 ligamus
3205 3113 3276 3156 ea
3293 3121 3308 3137 ·
3371 3091 3415 3129 '¹'
3431 3095 3512 3156 At

2849 3183 2856 3192 “
2928 3190 3021 3249 ille
3051 3191 3162 3250 ait·
3223 3208 3381 3249 non·
3443 3207 3520 3249 ne

2929 3285 3076 3344 sorte
3105 3283 3446 3361 colligentes

2928 3379 3148 3438 zizania
3208 3378 3440 3438 eradice

2928 3474 3002 3534 tis
3031 3471 3203 3532 simul
3228 3482 3288 3530 et
3313 3472 3426 3530 triti

2930 3584 3066 3627 cum
3089 3596 3103 3611 ·
3161 3565 3208 3598 ³⁰
3223 3563 3403 3624 Sinite
3430 3583 3473 3625 u

2929 3671 3133 3738 traque
3160 3677 3418 3719 crescere

2931 3771 3116 3832 usque
3146 3752 3222 3812 ad
3257 3769 3512 3812 messem
3534 3779 3550 3796 ·

2930 3849 3009 3908 Et
3034 3850 3096 3906 in
3123 3857 3384 3924 ternpore
3411 3867 3538 3908 mes

2931 3945 3008 4003 sis
3075 3941 3287 4001 Dicam
3319 3959 3446 4002 mes

2932 4037 3157 4097 soribus
3180 4063 3193 4077 ·
3256 4035 3451 4113 colligi

2933 4141 2990 4191 te
3019 4133 3274 4209 primum
3296 4132 3419 4192 ziza

2935 4226 3034 4286 nia
3059 4237 3118 4286 et
3145 4226 3371 4303 alligate
3405 4245 3478 4290 ea

3275 4354 3316 4395 D

3637 536 3760 593 1'01.
3783 540 3876 591 88.
