4373 5048
771 386 898 447 114

448 547 573 600 ποι.
595 550 719 600 158.
759 554 952 623 potest
977 544 1201 605 remitte

759 658 822 699 re
852 646 1097 715 peccata
1123 637 1236 697 nisi

757 731 917 793 solus
945 732 1015 791 ds
1038 762 1053 778 ·
1137 728 1159 763 ⁸
1177 748 1298 807 quo

757 827 998 903 cognito
1025 825 1114 883 ihs
1141 826 1202 882 in
1229 827 1340 900 spu

757 919 898 997 quid
924 918 1243 995 cogitarent

755 1014 907 1073 intra
933 1030 999 1072 se
1087 1011 1231 1070 dixit
1257 1011 1296 1069 il

755 1106 826 1165 lis
848 1137 862 1154 ·
946 1105 1090 1182 quid
1119 1104 1314 1182 cogita

757 1200 830 1259 tis
857 1200 966 1259 ista
991 1200 1054 1257 in
1080 1198 1244 1258 cordi

753 1296 864 1353 bus
890 1292 1097 1353 uestris
1117 1324 1130 1339 ·
1149 1322 1194 1337 -

752 1388 774 1421 ⁹
793 1386 951 1460 Quid
977 1396 1064 1447 est
1092 1385 1318 1445 facilius

750 1480 944 1541 dicere
973 1479 1212 1558 paralyti

751 1591 826 1633 co
856 1574 1218 1633 dimittuntur

751 1668 852 1727 tibi
881 1678 1124 1745 peccata
1151 1675 1252 1725 tua
1275 1698 1289 1712 ·

751 1762 870 1821 Aut
903 1762 1094 1821 dicere
1123 1778 1221 1820 sur

751 1872 825 1932 ge
855 1855 987 1915 tolle
1016 1856 1260 1915 crabatfi

750 1958 914 2007 tuum
943 1958 1000 2007 et
1021 1947 1256 2006 ambula
1276 1978 1289 1993 ·

751 2040 797 2076 ²⁰
814 2041 896 2100 Ut
924 2050 1120 2100 autem
1148 2042 1341 2099 sciatis

749 2136 1030 2213 quoniam
1058 2146 1228 2211 potes

748 2238 928 2289 tatem
957 2227 1135 2287 habet
1161 2224 1312 2286 filius

749 2322 1006 2382 hominis
1028 2322 1193 2381 remit

748 2416 909 2476 tendi
936 2426 1180 2493 peccata

747 2548 848 2608 Ait
869 2547 1186 2626 paralytico

749 2641 792 2674 ¹¹
813 2642 912 2701 tibi
942 2643 1074 2702 dico
1156 2657 1328 2717 surge

747 2735 881 2796 tolle
904 2736 1204 2795 crabatum

748 2839 916 2889 tuum
945 2840 1003 2888 et
1027 2828 1177 2888 uade
1204 2825 1256 2872 ¹¹¹

748 2923 994 2982 domum
1021 2933 1184 2982 tuam

737 3014 791 3074 ,η
807 3016 910 3076 Ille
939 3027 1132 3076 autem
1163 3033 1260 3076 sur

745 3127 893 3186 gens
920 3110 1045 3168 tulit
1079 3111 1255 3169 craba

745 3212 871 3262 tum
899 3221 1098 3262 coram
1129 3219 1228 3261 orn

745 3296 916 3354 nibus
944 3305 1001 3355 et
1029 3295 1164 3354 abiit

743 3389 822 3448 ita
848 3397 911 3447 ut
938 3389 1263 3448 admiraren

741 3494 836 3542 tur
860 3500 1068 3542 omnes

741 3585 800 3636 et
828 3575 1283 3636 honorificarent

745 3669 846 3729 dr‘n
876 3669 1140 3729 dicentes
1161 3699 1175 3714 ·

743 3763 880 3840 quia
907 3780 1229 3839 numquam

2131 366 2372 432 SECD
2390 400 2405 415 ·

1516 540 1563 577 ¹⁴
1575 540 1652 601 Et
1679 558 1816 601 cum
1843 542 2167 619 praeteriret

1512 634 1655 695 uidit
1683 634 1796 694 leui
1823 635 1953 695 alfei

1512 730 1814 789 sedentem
1839 747 1877 789 a
1905 728 2023 790 telo

1513 841 1692 883 neum
1765 832 1822 882 et
1849 822 1964 882 ailli
1993 840 2056 883 se

1510 935 1685 995 quere
1712 935 1809 975 me
1891 925 1949 976 et
1977 934 2074 975 sur

1508 1028 1656 1087 gens
1686 1018 1916 1070 secutus
1944 1020 2033 1070 est

1507 1123 1644 1163 eum
1667 1137 1682 1152 ·
1753 1104 1800 1137 ¹³
1816 1115 1874 1164 et
1902 1104 2123 1163 facturn

1508 1209 1595 1259 est
1623 1198 1968 1257 discumben

1507 1303 1566 1353 te
1593 1292 1690 1352 illo
1718 1293 1777 1351 in
1807 1292 1986 1352 domo

1508 1388 1632 1447 eius
1651 1418 1666 1432 ·
1731 1396 1787 1445 et
1815 1386 1980 1444 multi

1506 1481 1798 1557 puplicani
1825 1488 1882 1539 et
1909 1498 2019 1557 pec

1507 1584 1738 1635 catores
1767 1574 1940 1633 simul

1505 1668 1924 1728 recumbebant
1953 1672 2028 1726 οῦ

1506 1762 1606 1821 ihu
1635 1770 1694 1820 et
1721 1758 1986 1838 discipuli

1505 1856 1630 1913 eius
1711 1854 1897 1914 Erant
1923 1860 2021 1913 eni

1507 1947 1670 2007 multi
1700 1949 1798 2025 qui
1827 1948 1992 2007 secuti
2023 1956 2156 2006 sunt

1507 2060 1644 2101 eum
1725 2040 1768 2075 ¹⁸
1784 2041 1862 2100 Et
1889 2041 2074 2102 scribe

1507 2144 1566 2194 et
1591 2133 1818 2194 farisaei
1843 2134 2018 2194 uiden

1506 2238 1592 2288 tes
1619 2229 1779 2287 illum
1807 2228 2030 2288 mandu

1505 2332 1738 2382 cantem
1769 2340 1903 2381 cum
1931 2340 2044 2399 pec

1505 2417 1796 2475 catoribus
1823 2426 1881 2475 et
1907 2433 1989 2492 pu

1502 2551 1746 2628 plicanis
1769 2581 1784 2596 ·
1847 2547 2120 2608 dicebant

1503 2643 1796 2722 discipulis
1823 2642 1945 2701 eius

1503 2755 1683 2812 quare
1710 2754 1848 2797 cum
1875 2735 2037 2813 pupli

1504 2831 1666 2889 canis
1694 2841 1750 2889 et
1779 2839 2024 2907 peccato

1501 2925 1660 2984 ribus
1688 2924 2003 2983 manducat

1501 3029 1559 3078 et
1587 3019 1744 3078 bibet
1764 3048 1778 3065 ·
1843 3017 1886 3050 ²⁷
1901 3017 1979 3076 Et
2007 3035 2144 3076 cum

1501 3113 1752 3172 audisset
1781 3112 1868 3172 ihs
1898 3113 1973 3171 ait
1997 3143 2011 3158 ·

1501 3224 1624 3266 non
1649 3216 1825 3283 egent
1849 3204 2026 3266 fortes

1501 3300 1762 3359 medicos
1791 3299 1894 3358 sed
1922 3300 2022 3376 qui

1501 3392 1654 3451 male
1683 3392 1900 3451 habent
1919 3423 1932 3437 ·

1499 3504 1622 3544 non
1649 3485 1784 3543 ueni
1810 3502 2024 3545 uocare

1499 3579 1684 3638 iustos
1711 3578 1814 3638 sed
1843 3597 2028 3655 pecca

1499 3681 1672 3732 tores·
1698 3705 1708 3719 ·
1733 3704 1746 3720 ·
1808 3669 1854 3704 ¹⁸
1875 3673 1953 3733 Et
1979 3682 2143 3732 erant

1501 3764 1768 3842 discipuli
1795 3765 2068 3825 iohannis

743 3856 930 3916 taliter
957 3856 1171 3916 uidisse
1199 3873 1261 3915 se
1287 3886 1300 3901 ·
1327 3887 1339 3900 ·
1370 3881 1451 3908 ω
1503 3870 1561 3919 et
1587 3859 1778 3919 farisei
1808 3861 2040 3920 ieiunan

787 3975 871 4001 m
1032 3975 1116 4004 O*
1281 3975 1362 4003 nt*

700 4045 734 4083 *
753 4043 873 4103 ¹⁸Et
900 4044 1176 4122 processit
1209 4061 1304 4103 rur

700 4139 734 4177 *
755 4157 854 4198 sus
881 4140 958 4199 ad
985 4157 1146 4198 mare
1169 4171 1183 4187 ·
1221 4171 1234 4186 ·

700 4234 735 4272 *
753 4233 1060 4310 omnisque
1086 4234 1254 4292 turba

701 4329 736 4367 *
754 4329 1066 4388 ueniebant
1092 4328 1168 4403 ad
1193 4338 1319 4388 eu‘·

686 4469 698 4478 .
747 4431 804 4480 et
833 4423 1083 4484 docebat
1107 4441 1210 4482 eos

1503 3963 1590 4013 tes
1618 3963 1676 4012 et
1701 3955 1942 4013 ueniunt
1969 3962 2025 4012 et

1507 4046 1706 4107 dicunt
1733 4047 1808 4104 illi
1877 4064 2055 4123 quare

1507 4139 1772 4217 discipuli
1799 4139 2070 4199 iohannis

1507 4243 1566 4292 et
1591 4232 1933 4292 fariseorum
1959 4234 2012 4292 ie

1506 4327 1709 4385 iunant
1730 4357 1745 4373 ·
1809 4325 1892 4384 tui
1920 4343 2062 4386 uero

1445 4425 1448 4428 ’
1505 4419 1770 4498 discipuli
1797 4437 1920 4480 non
1947 4421 2064 4480 ieiu

2320 553 2464 603 nant
2488 574 2501 589 ·
2585 542 2629 577 ¹⁹
2650 552 2710 602 et
2737 543 2815 601 ait
2843 540 2952 602 illis

2320 634 2607 713 numquid
2638 644 2885 713 possunt

2318 730 2399 788 fili
2428 730 2634 808 sponsi
2702 747 2881 806 quam

2317 822 2415 882 diu
2446 842 2581 883 cum
2609 823 2718 883 illis
2746 834 2836 883 est

2318 932 2573 994 sponsus
2600 917 2796 976 ieiuna

2316 1027 2378 1069 re
2397 1041 2412 1056 ·
2498 1020 2787 1087 quantum

2316 1104 2593 1180 temporis
2616 1110 2755 1163 sect‘r

2316 1196 2619 1257 habuerint
2648 1214 2801 1275 spon

2316 1306 2447 1349 sum
2540 1309 2661 1351 non
2690 1302 2939 1367 possunt

2314 1384 2569 1445 ieiunare
2593 1416 2608 1432 ·
2670 1383 2716 1419 ⁸⁰
2736 1384 2829 1445 Ue

2314 1479 2475 1537 nient
2502 1488 2696 1538 autem
2725 1480 2849 1539 dies

2315 1590 2449 1632 cum
2480 1572 2766 1632 auferetur

2314 1667 2389 1725 ab
2416 1666 2497 1724 eis
2521 1683 2774 1744 sponsus

2313 1769 2370 1818 et
2399 1770 2537 1819 tunc
2564 1760 2903 1820 ieiunabunt

2312 1853 2373 1911 in
2402 1853 2497 1914 illa
2524 1854 2616 1913 die
2636 1886 2651 1901 ·
2735 1852 2779 1889 ²¹
2798 1870 2977 1915 nemo

2312 1946 2723 2006 adsumentum

2312 2040 2493 2117 panni
2522 2041 2681 2101 rudis
2709 2040 2855 2101 adsu

2310 2134 2353 2192 it
2379 2134 2731 2195 uestimento
2759 2152 2834 2193 ue

2310 2227 2417 2285 teri
2434 2260 2449 2275 ·
2533 2228 2813 2305 Alioquin

2311 2321 2493 2381 aufert
2521 2323 2728 2399 supple

2312 2425 2575 2475 mentum
2602 2434 2823 2475 nouum

2313 2565 2349 2606 a
2374 2548 2556 2607 ueteri
2584 2557 2641 2607 et
2669 2549 2833 2626 peior

2314 2641 2377 2700 fit
2404 2643 2654 2702 scissura
2677 2673 2691 2690 ·
2776 2641 2820 2676 ⁸²
2836 2644 2915 2703 Et

2312 2755 2494 2797 nemo
2523 2737 2693 2795 mittit
2723 2737 2865 2795 uinfi

2311 2846 2535 2889 nouum
2562 2831 2623 2889 in
2650 2841 2805 2890 utres

2312 2932 2539 2983 ueteres
2609 2923 2743 2984 Alio

2312 3016 2453 3093 quin
2483 3017 2789 3094 disrumpit

2311 3110 2513 3169 uinum
2542 3120 2697 3171 utres

2312 3213 2369 3262 et
2394 3205 2595 3263 uinum
2624 3204 2785 3264 effun

2312 3298 2479 3358 detur
2546 3309 2605 3357 et
2632 3309 2787 3358 utres

2311 3392 2582 3468 peribunt
2605 3424 2620 3439 ·
2708 3391 2825 3452 Sed

2310 3485 2511 3544 uinum
2552 3504 2775 3545 nouum

2308 3579 2371 3638 in
2398 3589 2554 3637 utres
2581 3596 2773 3640 nouos

2310 3672 2660 3732 mittendum
2688 3685 2777 3732 est

2308 3761 2353 3798 ⁸³
2373 3764 2449 3824 Et
2476 3765 2693 3826 facturn
2722 3775 2809 3826 est
2836 3767 2911 3827 ite

2310 3876 2441 3917 rum
2509 3878 2647 3919 cum
2677 3861 2783 3919 sab

2310 3952 2459 4011 batis
2489 3953 2811 4014 ambularet

2310 4063 2418 4122 per
2444 4056 2671 4123 segetes
2688 4076 2704 4093 ·
2788 4047 2867 4105 Et

2312 4139 2573 4216 discipuli
2600 4141 2723 4199 eius

2310 4233 2415 4293 iter
2441 4232 2717 4294 facientes
2740 4265 2755 4282 ·

2310 4335 2631 4404 coeperunt
2657 4329 2807 4388 uelle

2307 4438 2371 4480 re
2398 4421 2589 4498 spicas
2613 4453 2625 4468 ·

3404 378 3500 443 [11.
3529 382 3701 445 7-111.
3726 394 3775 444 3.

3072 538 3117 575 ⁸¹
3134 540 3385 619 pharisei
3412 552 3609 603 autern

3073 635 3346 695 dicebant
3372 637 3426 695 ei

3072 746 3210 789 ecce
3238 729 3380 806 quid
3406 729 3624 791 faciunt

3073 824 3325 882 sabbatis
3355 824 3515 901 quod

3072 934 3196 975 non
3224 916 3362 976 licet
3440 915 3580 977 “Et
3606 918 3687 977 ait

3070 1009 3181 1069 illis
3208 1029 3321 1070 nec
3348 1012 3463 1071 hoc
3490 1012 3545 1071 le

3070 1103 3233 1179 gistis
3262 1104 3423 1182 quod
3449 1103 3575 1166 fece

3070 1198 3145 1256 rit
3172 1198 3348 1257 dauid
3418 1216 3555 1257 cum

3072 1292 3475 1351 necessitatem

3070 1385 3270 1444 habuit
3351 1395 3409 1445 et
3436 1388 3585 1445 esuri

3070 1478 3113 1537 it
3140 1488 3197 1537 et
3224 1480 3325 1555 qui
3352 1497 3490 1538 cum
3518 1480 3617 1539 illo

3068 1581 3257 1631 erant·
3314 1569 3357 1607 ¹⁸
3374 1590 3594 1650 quomo

3070 1665 3149 1724 do
3176 1666 3408 1725 intrauit
3436 1666 3494 1724 in
3526 1666 3607 1727 do

3068 1776 3233 1817 mum
3262 1760 3323 1819 di
3344 1792 3357 1807 ·
3430 1762 3538 1818 sub
3566 1761 3642 1818 ab

3066 1852 3252 1911 iathar
3278 1854 3539 1931 principe·

3068 1947 3439 2006 sacerdotum
3460 1980 3473 1993 ·
3498 1980 3510 1994 ·

3066 2050 3123 2098 et
3151 2058 3334 2117 panes
3362 2058 3554 2118 propo

3066 2132 3287 2193 sitionis
3316 2134 3535 2193 mandu

3066 2229 3223 2285 cauit
3307 2246 3455 2304 quos
3484 2246 3607 2288 non

3066 2320 3277 2381 licebat
3304 2322 3358 2380 ei
3386 2322 3611 2381 mandu

3000 2484 3007 2499 ι
3067 2432 3199 2473 care
3282 2416 3392 2473 nisi
3420 2416 3556 2476 solis

3067 2547 3468 2607 sacerdotibus
3492 2579 3507 2596 ·

3068 2651 3125 2699 et
3153 2641 3312 2700 dedit
3340 2643 3424 2700 eis
3453 2643 3553 2721 qui
3584 2649 3659 2702 cu

3066 2735 3164 2794 illo
3193 2745 3359 2795 erant
3382 2767 3397 2782 ·
3460 2733 3505 2769 ²⁷
3522 2735 3599 2797 Et
3628 2737 3687 2796 di

3068 2829 3236 2888 cebat
3263 2829 3375 2889 illis
3402 2826 3643 2889 sabbata

3068 2931 3302 2999 propter
3329 2921 3569 2982 homine

3065 3015 3287 3075 factum
3313 3027 3403 3077 est
3428 3049 3441 3064 ·
3528 3035 3651 3078 non

3066 3107 3251 3168 homo
3288 3121 3527 3188 propter

3068 3198 3370 3262 sabbatum
3394 3236 3407 3250 ·
3472 3202 3514 3237 ⁸⁸
3537 3205 3628 3263 Ita

3068 3315 3181 3372 que
3211 3297 3322 3358 dfis
3348 3307 3437 3358 est
3466 3298 3612 3357 filius

3068 3389 3321 3450 hominis
3346 3393 3523 3451 etiam

3068 3485 3327 3544 sabbati·
3356 3517 3409 3532 -·
3480 3491 3537 3545 3.
3564 3483 3678 3543 ¹Et
3708 3487 3770 3544 in

3066 3579 3220 3636 troiit
3247 3580 3454 3639 iterum
3483 3581 3543 3637 in

3066 3687 3431 3750 synagogam
3464 3683 3522 3733 et

3064 3776 3185 3824 erat
3216 3767 3295 3825 ibi
3324 3766 3508 3826 homo
3536 3767 3619 3826 ari

3065 3857 3200 3916 darn
3231 3858 3455 3919 habens
3482 3866 3662 3920 manti

3060 3947 3084 3981 ²
3101 3960 3159 4009 et
3186 3953 3576 4013 obseruabant

3061 4060 3197 4102 eum
3226 4045 3277 4103 si
3306 4047 3561 4106 sabbatis

3062 4148 3287 4197 curaret
3314 4150 3377 4199 ut
3403 4159 3580 4201 accus

3060 4241 3255 4290 sarent
3282 4232 3443 4292 illum
3462 4264 3476 4281 ·

3058 4323 3081 4358 ⁸
3098 4325 3177 4384 Et
3204 4327 3284 4385 ait
3306 4327 3527 4388 homini
3554 4329 3749 4390 haben

3058 4420 3101 4478 ti
3130 4439 3371 4482 manum
3399 4423 3559 4484 arida

3798 546 3923 597 1¹01.
3946 548 4080 599 15⁰.
