4373 5048
871 467 1140 532 xxxviii
1872 469 1988 530 IN
1989 469 2106 529 TR
2116 469 2237 530 OD
2246 469 2361 533 UC
2368 468 2470 530 TI
2467 469 2611 532 ON.

878 639 932 700 S
929 641 1124 698 elected
1144 639 1414 717 readings
1431 639 1555 698 and
1563 640 1892 716 rendert'ngs
1919 642 1982 712 {n
2001 640 2190 700 which
2288 639 2531 700 Selected
2549 639 2819 716 readings
2838 639 2961 698 and
2969 639 3299 717 renderings
3320 641 3382 699 t'n
3402 638 3589 699 which

1119 737 1148 796 f
1170 755 1211 815 q
1240 739 1410 817 dgffer
1411 739 1588 816 from
1616 739 1747 796 each
1777 739 1946 797 other.
2533 737 2562 796 f
2614 756 2657 816 q
2708 756 2811 797 are
2872 739 3081 814 agreed
3140 741 3377 815 against
3436 740 3591 799 other

870 834 1029 913 John
1056 835 1130 894 iii.
2530 832 2837 909 European
2863 839 3033 892 text-v.

959 954 1012 1007 4.
1055 935 1254 994 denuo
1282 933 1524 993 introire
1552 934 1586 993 b
1613 956 1641 993 e
1665 955 1716 1012 9.

1197 1033 1408 1092 iterum
1435 1031 1672 1092 introire
1712 1053 1750 1090 a
1746 1034 1815 1111 s
1821 1030 1980 1112 (Am.
2015 1035 2183 1092 itera-

1361 1139 1424 1190 to
1454 1127 1735 1209 introire).

961 1243 1018 1301 5.
1061 1235 1298 1287 renatus
1323 1247 1363 1286 a
1389 1228 1423 1289 b
1449 1248 1480 1287 ο
1505 1247 1542 1305 9
1568 1229 1704 1288 Am.

1218 1335 1392 1386 natus
1394 1327 1466 1405 s.

1135 1423 1344 1500 poterit
1371 1443 1422 1500 q.

1195 1531 1393 1598 potest
1420 1542 1457 1582 a
1487 1524 1519 1582 b
1546 1543 1575 1582 e
1600 1543 1636 1600 q
1663 1522 1797 1582 Am.

2369 1653 2421 1709 6.
2466 1669 2602 1712 caro
2638 1660 2726 1712 est
2756 1651 3038 1731 quoniam
3068 1653 3143 1712 de
3182 1671 3358 1714 carne
3387 1663 3589 1713 natum

2688 1759 2776 1810 est
2801 1770 2840 1809 a
2865 1751 2898 1810 b
2926 1771 2955 1808 e
2973 1770 3023 1827 q.

2696 1866 2837 1908 caro
2866 1860 2954 1908 est
2975 1844 3102 1929 (om.
3133 1868 3189 1928 q.
3218 1849 3291 1909 de
3320 1868 3373 1910 c.
3403 1868 3459 1909 n.
3481 1849 3593 1931 est)

2742 1947 2813 2022 f
2824 1946 2957 2007 Am.

2535 2044 2768 2121 spiritus
2798 2056 2888 2104 est
2909 2046 3048 2123 quia
3077 2046 3223 2107 deus
3250 2047 3481 2124 spiritus
3508 2056 3595 2106 est

2775 2162 2813 2201 a
2846 2164 2888 2201 e.

2615 2240 2847 2316 spiritus
2872 2251 2963 2302 est
2990 2237 3117 2323 (om.
3148 2261 3204 2321 q.
3234 2243 3289 2302 d.
3319 2261 3404 2320 sp.
3432 2241 3545 2323 est)
3562 2243 3595 2304 b

1281 2409 1292 2419 .
2747 2338 2863 2416 sq
2890 2339 3028 2401 Am.

964 2421 1016 2482 7.
1064 2425 1294 2466 renascx
1328 2429 1365 2467 α
1393 2408 1426 2467 b
1455 2428 1482 2466 e
1505 2428 1555 2484 9.

1203 2507 1440 2586 nascif
1451 2507 1584 2566 Am.

961 2608 1015 2663 8.
1060 2606 1252 2667 nescis
1277 2626 1315 2665 a
1341 2607 1374 2666 b
1401 2625 1454 2682 9.

1203 2723 1328 2765 non
1347 2706 1462 2767 scis
1489 2704 1586 2781 es
1598 2703 1714 2761 Am
2375 2636 2427 2691 8.
2470 2643 2641 2694 natus
2668 2644 2858 2693 estex
2901 2635 3177 2713 spiritus
3188 2656 3224 2714 q
3251 2635 3383 2696 Am,

2614 2750 2670 2789 n.
2712 2742 2800 2791 est
2854 2752 2931 2793 ex
2986 2751 3141 2811 aqua
3194 2744 3253 2793 et
3308 2734 3508 2812 spiritu
3556 2752 3595 2792 a

2692 2828 3060 2910 (renascitur)
3086 2832 3121 2892 b
3148 2852 3192 2892 e.

926 2915 1012 2955 10.
1057 2898 1264 2958 doctor
1291 2918 1328 2956 a
1355 2917 1408 2973 9.

1204 2996 1482 3072 magister
1508 2995 1541 3055 b
1567 2996 1666 3072 es
1680 2995 1812 3053 Am.

929 3113 953 3151 1
970 3114 1019 3153 1.
1063 3094 1337 3153 nouimus
1365 3112 1416 3169 9.
2336 3131 2360 3169 1
2377 3130 2425 3171 1.
2467 3112 2914 3192 testificamurs
2925 3136 2976 3192 q.

1203 3190 1423 3251 scimus
1451 3210 1489 3249 a
1518 3190 1551 3248 b
1583 3189 1826 3265 esAm.
2621 3222 2899 3273 testamur
2924 3235 2963 3273 a
2988 3216 3021 3275 b
3048 3216 3182 3275 Am.

2614 3312 3009 3373 testimonium
3038 3314 3286 3375 dicimus
3312 3335 3351 3374 e.

935 3420 1024 3481 15.
1070 3424 1193 3465 non
1223 3414 1424 3482 pereat
1451 3406 1484 3463 b
1511 3426 1540 3463 e
1564 3424 1600 3481 9
1627 3403 1760 3462 Am.

1207 3524 1312 3563 om.
1347 3522 1474 3565 non
1502 3514 1699 3581 pereat
1724 3523 1763 3562 a
1767 3502 1837 3578 fi

2338 3613 2427 3669 16.
2468 3612 2829 3689 unigenitum
2831 3613 2901 3689 s
2911 3632 2948 3689 q
2974 3614 3109 3673 Am.

2617 3710 2857 3769 unicum
2884 3730 2923 3769 a
2949 3711 2982 3769 b
3008 3712 3053 3769 d
3070 3731 3113 3772 e.

933 3806 957 3846 1
972 3791 1025 3846 8.
1070 3805 1194 3847 non
1223 3786 1567 3846 iudicabitur
1592 3786 1625 3845 b
1652 3785 1697 3844 d
1715 3805 1766 3863 9.

1208 3902 1332 3944 non
1366 3882 1646 3943 iudicatur
1671 3900 1710 3941 a
1736 3882 1979 3961 efAm.
2096 3932 2124 3953 s

2340 4002 2429 4058 19.
2471 3983 2532 4041 in
2560 3980 2717 4043 hunc
2737 3982 3097 4059 mundumf
3108 4005 3159 4061 q.

2613 4080 2675 4138 in
2704 4080 2990 4140 mundum
3016 4082 3061 4138 d
3079 4082 3213 4141 Am.

2613 4178 2676 4236 in
2704 4176 2817 4238 hoc
2842 4178 3067 4239 mundo
3094 4200 3131 4238 a
3158 4182 3205 4239 b.

2611 4276 2673 4334 in
2703 4276 3001 4337 saeculum
3027 4295 3069 4335 e.
