4373 5048
857 456 1078 521 xxxvi
1838 453 2205 518 INTROD
2216 455 2329 517 UC
2336 454 2437 516 TI
2436 455 2579 518 ΟΝ.

859 629 1104 691 Selected
1115 628 1382 705 readings
1402 627 1523 686 and
1534 627 1866 705 rendering-s·
1893 630 1956 687 in
1973 627 2165 688 which
2269 627 2511 688 Selected
2523 629 2789 705 readings
2806 629 2927 688 and
2940 627 3270 704 rendert'ngs
3292 628 3353 686 in
3378 626 3568 686 which

1104 728 1135 788 f
1151 746 1194 806 q
1217 726 1386 804 ὀρθὴ·
1387 727 1564 806 from
1591 726 1721 785 each
1749 726 1920 786 other.
2513 728 2541 789 f
2597 747 2640 806 q
2693 747 2795 787 are
2846 728 3057 804 agreed
3115 729 3350 805 agaim!
3408 727 3563 786 other

860 825 1020 905 John
1047 827 1108 886 ii.
2512 825 2817 904 European
2845 832 3015 887 texts.

2312 1041 2364 1099 5.
2408 1023 2552 1084 dixit
2578 1033 2773 1083 autem
2778 1024 2846 1104 s
2857 1042 2893 1100 q
2921 1021 3023 1103 (cf.
3048 1043 3077 1082 e
3103 1021 3290 1102 dixit).

1037 1169 1045 1175 -
2590 1121 2730 1183 dicit
2757 1142 2795 1181 a
2822 1122 2856 1181 b
2882 1121 3017 1181 Am.

945 1239 998 1295 9.
1041 1230 1330 1298 gustasset
1357 1240 1394 1279 a
1423 1239 1475 1296 q.
2313 1243 2367 1299 9.
2408 1238 2622 1299 aquam
2625 1220 2700 1299 s
2706 1239 2743 1297 q
2770 1218 2903 1280 Am.

1185 1319 1436 1397 gustauit
1463 1317 1496 1377 b
1522 1319 1620 1397 es
1632 1319 1767 1378 Am.
2594 1335 2685 1397 aq.
2735 1328 2793 1378 et
2836 1315 3100 1377 uidentes
3140 1315 3357 1378 factum
3402 1315 3571 1376 mira-

1125 1418 1430 1494 ignorabat
1457 1436 1510 1493 q.
2751 1418 2967 1478 bantur
2992 1437 3030 1476 a
3057 1416 3106 1476 b.

1187 1515 1484 1576 nesciebat
1511 1534 1548 1573 a
1578 1515 1628 1575 b.
2594 1533 2811 1596 aquam
2869 1533 3023 1595 quae
3083 1515 3287 1575 unium
3354 1513 3573 1574 sactum

1188 1631 1310 1672 non
1338 1612 1630 1690 sciebat]
1643 1613 1778 1671 Am.
2756 1623 2845 1674 est
2872 1633 2911 1674 e.

1185 1729 1308 1770 non
1335 1709 1708 1788 intellegebat
1735 1731 1778 1769 e.

911 1825 999 1867 10.
1041 1808 1252 1868 deinde
1281 1825 1416 1867 cum
1444 1827 1496 1884 q.

1187 1916 1245 1965 et
1271 1923 1404 1964 cum
1437 1925 1476 1964 a
1503 1905 1536 1964 b
1561 1925 1591 1963 e
1591 1905 1660 1981 s
1673 1905 1806 1964 Am.

1127 2019 1314 2080 usque
1343 2019 1502 2062 nunc
1527 2022 1580 2078 q.

1191 2117 1378 2177 usque
1407 2099 1591 2159 modo
1617 2118 1654 2159 a
1675 2101 1724 2158 b.

1191 2215 1378 2275 usque
1405 2196 1670 2273 adhucs
1683 2197 1818 2256 Am.

1189 2312 1374 2373 usque
1400 2295 1462 2352 in
1489 2293 1640 2354 hanc
1669 2294 1874 2355 horam
1901 2318 1945 2357 e.

915 2410 1003 2451 12.
1048 2391 1348 2452 descendit
1373 2413 1412 2452 a
1432 2393 1465 2452 b
1491 2411 1582 2470 eq
1609 2393 1746 2452 Am.

1189 2490 1328 2550 abiit
1331 2491 1401 2568 fl

1127 2587 1344 2649 multos
1372 2588 1498 2649 dies
1526 2607 1565 2647 a
1594 2588 1627 2649 b
1652 2610 1704 2668 q.

1189 2687 1385 2747 multis
1416 2687 1622 2747 diebus
1649 2687 1748 2765 es
1761 2688 1895 2749 Am.

915 2803 1003 2860 13.
1049 2803 1185 2846 cum
1213 2786 1272 2845 in
1301 2786 1570 2863 proximo
1597 2796 1748 2846 esset
1776 2805 1829 2862 q.

1189 2884 1251 2942 in
1290 2884 1565 2961 proximo
1607 2894 1731 2945 erat
1763 2884 1812 2955 b,
1840 2884 2174 2961 proximum

1353 2980 1458 3041 fuit
1485 3000 1526 3040 e.

1193 3094 1377 3155 prope
1395 3087 1519 3137 erat
1533 3098 1572 3137 a
1575 3080 1645 3156 j}
1667 3082 2017 3159 properabat
2035 3079 2176 3139 Am.

919 3189 1009 3249 15.
1051 3174 1183 3235 fecit
1210 3195 1248 3233 a
1276 3176 1308 3234 b
1335 3195 1363 3232 e
1388 3196 1442 3252 q.

1193 3272 1414 3333 faciens
1416 3273 1487 3349 s.

1194 3388 1329 3431 cum
1359 3370 1588 3433 fecisset
1614 3371 1750 3431 Am.

1133 3468 1402 3531 resticula
1427 3488 1482 3545 q,
1513 3470 1790 3530 resticulis
1811 3490 1854 3529 e.

1195 3568 1441 3628 restibus
1467 3587 1506 3627 a
1533 3566 1581 3627 b.

1195 3664 1462 3725 funiculis
1465 3665 1537 3743 s
1551 3666 1687 3728 Am.

1117 3762 1436 3825 uendentes
1462 3784 1514 3841 q,
1541 3765 1859 3826 uindebant
1889 3786 1932 3825 e.

1197 3880 1298 3921 om.
1328 3881 1368 3920 a
1395 3862 1500 3939 bf
1513 3862 1646 3923 Am.

1137 3960 1415 4039 pecunias
1441 3980 1479 4019 a
1507 3980 1560 4038 q.

1199 4074 1300 4117 aes
1301 4059 1372 4134 f
1385 4058 1520 4117 Am.

1201 4172 1477 4216 nummos
1505 4156 1555 4216 b.

1201 4270 1300 4313 om.
1329 4273 1372 4312 e.
