4373 5048
1102 496 1241 548 xvl.
1267 492 1482 558 16-20.]

804 666 931 714 ποι.
948 666 1076 714 802.
1103 656 1148 690 ¹⁸
1161 656 1240 715 Et
1267 658 1370 735 qui
1398 654 1705 717 crediderit

1101 760 1160 810 et
1187 751 1513 828 baptizatus
1542 750 1641 810 fue

1101 844 1175 903 rit
1234 844 1435 905 saluus
1462 845 1567 905 erit

1104 936 1226 1010 Qui
1252 956 1394 998 uero
1423 956 1545 997 non
1574 938 1749 998 credi·

1103 1030 1249 1090 derit
1276 1030 1648 1091 damnabitur
1669 1064 1683 1078 ·

1105 1124 1148 1158 ι’
1172 1124 1355 1202 Signa
1383 1134 1578 1185 autem
1606 1124 1752 1185 haec

1103 1218 1476 1279 credentibus
1504 1220 1617 1279 sub

1105 1322 1416 1388 sequentur
1433 1344 1447 1359 ·
1513 1312 1573 1371 in
1602 1332 1682 1373 no

1105 1406 1262 1464 mine
1290 1423 1425 1465 meo
1455 1404 1631 1466 demo

1105 1499 1204 1557 nia
1228 1498 1436 1558 eicient
1454 1531 1467 1545 ·
1498 1508 1556 1559 et
1583 1499 1664 1558 lin

1101 1592 1233 1668 guis
1260 1592 1574 1669 loquentur

1103 1686 1275 1744 nouis
1301 1718 1314 1732 ·
1359 1684 1402 1720 ²⁸
1421 1696 1721 1765 serpentes

1101 1779 1304 1839 tollent
1360 1790 1419 1839 et
1448 1780 1497 1840 si
1523 1798 1652 1841 mor

1104 1870 1333 1931 tiferum
1394 1872 1538 1950 quid
1565 1874 1624 1933 bi

1104 1966 1294 2024 berint
1319 1984 1442 2027 non
1471 1967 1578 2027 illis

1104 2059 1338 2119 nocebit
1359 2092 1373 2107 ·
1439 2079 1616 2138 supra

1103 2170 1279 2230 egros
1305 2171 1519 2213 manus
1547 2155 1607 2213 in

1104 2255 1330 2323 ponent
1384 2258 1442 2307 et
1470 2249 1621 2308 bene

1106 2340 1360 2399 abebunt
1379 2372 1393 2387 ·
1437 2338 1482 2374 ¹⁰
1497 2341 1576 2400 Et
1597 2341 1708 2401 dfis

1107 2472 1345 2553 quidem
1371 2472 1461 2533 ihs
1482 2483 1618 2550 post

1105 2581 1287 2644 quam
1311 2567 1542 2628 locutus
1567 2577 1656 2628 est

1106 2661 1214 2721 illis
1241 2670 1508 2738 receptus
1534 2651 1632 2720 est'

1105 2754 1168 2813 in
1195 2754 1370 2814 caelis
1393 2787 1407 2802 ·
1461 2755 1526 2814 'et
1552 2754 1701 2815 sedit
1727 2755 1803 2815 ad

1105 2847 1404 2908 dexteram
1431 2848 1492 2906 di
1509 2880 1522 2896 ·
1564 2844 1612 2884 ’⁰
1628 2848 1707 2908 illi

1105 2951 1302 3000 autem
1328 2941 1570 3019 profecti

1105 3035 1553 3114 predicauerunt
1578 3037 1679 3095 ubi

1105 3148 1221 3207 que
1245 3161 1260 3176 ·
1304 3130 1427 3190 dfio
1453 3130 1766 3192 adiuuante

1105 3223 1185 3282 Et
1211 3224 1454 3284 uerbum
1482 3224 1668 3286 confir

1107 3326 1301 3376 mante
1329 3319 1504 3394 prose

1105 3411 1418 3490 quentibus
1433 3411 1615 3489 signis
1635 3443 1805 3461 ·····

1231 3568 1684 3597 *ΨΦ

1095 3863 1106 3876 ,
1229 3801 1689 3867 SECUNDUM

1095 3944 1107 3956 '
1175 3989 1180 3992 .
1275 3934 1648 3998 MARCVM

1095 4188 1108 4284 J
1169 4207 1751 4260 AIKITEP··AMEN

1260 4358 1668 4390 mmm

1927 484 2232 548 MARC’
2272 518 2285 533 ·

1866 658 1895 691 ¹⁸
1917 660 2072 719 Finit
2098 659 2241 719 liber
2269 658 2356 719 sci

1866 752 1895 785 ¹⁸
1919 752 2211 831 euangelii
2229 783 2244 799 ·
2290 751 2383 814 dic

1864 845 1894 879 *
1918 857 1978 906 ta
2005 846 2197 925 adque
2224 847 2379 907 facta

1865 938 1893 971 *
1919 941 2018 1000 dni
2049 942 2131 1000 nti

1863 1032 1892 1065 *
1917 1034 1997 1093 ihi
2025 1034 2129 1111 xiii
2186 1052 2361 1094 amen

2050 1179 2131 1207 Φ
2214 1179 2296 1207 Φ
2378 1180 2460 1208 Φ

1915 1270 2038 1344 Qui
2062 1272 2207 1349 legis

1859 1360 1888 1397 '²
1913 1364 2168 1441 intellige

1860 1458 1890 1489 *
1914 1459 2054 1537 quia
2081 1459 2182 1517 dffi
2213 1470 2350 1519 sunt

1859 1550 2072 1613 ¹*uerba
2099 1553 2209 1612 ista
2238 1560 2341 1613 sca

1917 1646 1996 1706 Et
2025 1664 2131 1707 ora
2159 1665 2269 1726 pro
2302 1648 2581 1724 scriptore

1861 1740 1890 1773 *
1916 1742 2000 1801 sic
2027 1758 2254 1801 mei-eas
2282 1759 2505 1803 corona

1859 1834 1889 1865 *
1913 1853 1951 1895 a
1977 1836 2267 1895 saluatore
2289 1866 2303 1882 ·

1861 1926 1890 1959 ¹⁸
1912 1938 1971 1987 et
1998 1930 2180 1989 uitam
2209 1947 2347 1988 curn
2376 1931 2490 1990 scis

1859 2020 1889 2053 *
1913 2023 2040 2083 eius
2068 2023 2320 2083 cultores
2341 2055 2354 2071 ·

1911 2116 1990 2175 Et
2017 2116 2275 2193 legentes
2303 2134 2537 2176 memen

1915 2220 2034 2270 tote
2063 2211 2178 2270 mei
2205 2210 2493 2289 peccatori

2040 2368 2448 2397 mmm

1916 2474 2054 2554 quia
2081 2476 2263 2536 tribus

1914 2567 2108 2646 digitis
2135 2570 2308 2629 scribi

1915 2672 2008 2722 tur
2037 2695 2052 2710 .
2085 2694 2099 2709 .
2132 2695 2145 2710 .
2178 2688 2260 2716 ψ,

1856 2753 1886 2787 *
1911 2765 1969 2814 et
1990 2764 2147 2815 totus

1855 2846 1884 2879 *
1909 2851 2207 2908 membrus

1852 2939 1882 2973 *
1907 2941 2130 3002 laborat
2149 2968 2162 2981 ·

1855 3033 1884 3066 *
1908 3034 2074 3095 labor
2102 3038 2203 3114 qui

1855 3126 1884 3159 ¹⁸
1910 3127 2046 3188 dem
2072 3130 2235 3190 modi

1857 3221 1887 3254 *
1914 3241 2054 3284 cum
2083 3255 2098 3272 ·
2122 3255 2137 3270 ·
2169 3255 2184 3270 ·
2246 3242 2352 3302 gra

1858 3314 1888 3348 *
1912 3318 1994 3377 tia
2014 3328 2211 3377 autem
2231 3336 2371 3396 mag

1855 3409 1885 3442 *
1907 3429 1986 3470 na
2006 3429 2042 3471 a
2067 3412 2310 3471 creatori
2340 3443 2353 3458 ·
2388 3443 2401 3459 ·

1914 3522 2032 3582 pax
2057 3505 2385 3582 legentibus

1093 3618 1105 3632 ·
1811 3605 1824 3618 “
1915 3617 2034 3676 pax
2062 3599 2431 3661 audientibus

1093 3697 1106 3713 ·
1183 3672 1739 3734 EVANGELIVM
1811 3687 1824 3700 ·

1093 3780 1106 3794 '
1919 3798 1978 3846 et
2005 3787 2289 3865 gaudium
2318 3789 2457 3866 spiri

1814 3934 1826 3948 .
1917 3881 2002 3941 tui
2029 3889 2131 3944 sco
2201 3883 2494 3943 utentibus

1097 4025 1108 4038 .
1815 4017 1826 4031 .
1915 3975 1977 4035 in
2005 3981 2126 4052 xpo
2231 3995 2404 4037 amen
2432 4004 2514 4032 „e-

1097 4105 1110 4120 .
1222 4076 1576 4128 EtnAml-lT
1612 4081 1700 4128 ΦΕ
1813 4099 1826 4113 ·

1915 3711 2031 3770 pax
2058 3703 2117 3754 et
2143 3694 2352 3755 caritas

1997 4195 2407 4225 mmm

2000 4364 2407 4393 mmm

2600 3796 2607 4030 Ξ

2608 1036 2615 1296 Ξ

3366 498 3482 567 137
