4373 5048
725 280 845 350 132
2100 258 2275 323 SEC
2300 294 2313 308 ·
2337 293 2351 308 ·
3184 270 3354 336 [xm.
3378 271 3627 335 35-x1V.
3652 283 3737 336 25.

404 440 530 491 ¹¹01·
546 441 674 493 194.
721 440 832 501 dns
861 440 1065 501 domui
1091 440 1291 501 ueniat
1466 440 1650 500 ueniri
1677 458 1918 517 unguen
2273 440 2351 499 Et
2380 440 2741 518 quaerebant
2769 456 2891 518 quo
3033 436 3079 472 ¹⁸
3094 437 3172 497 Et
3200 438 3697 498 discumbentibus
3758 434 3886 486 Fol-
3908 439 4039 486 1⁹⁵·

721 552 852 596 sero
915 554 994 595 an
1019 535 1264 596 meridie
1468 545 1594 594 tum
1625 536 1778 595 istud
1848 534 1979 612 plus
2278 536 2460 595 modo
2489 546 2780 613 opurtune
3035 533 3145 592 illis
3207 542 3266 592 et
3294 532 3631 592 manducan

720 640 899 690 nocte
920 662 934 677 ·
995 648 1072 689 an
1101 629 1236 707 galli
1471 646 1649 709 quam
1677 629 1928 688 denariis
2266 628 2597 690 eum-'eiiii‘d
2612 646 2747 688 eum
2774 638 2863 687 tra
3036 628 3191 686 tibus
3252 626 3397 686 dixit
3424 626 3514 685 ihs
3534 658 3549 673 ·

721 722 875 783 canti
895 756 910 770 ·
973 742 1052 783 an
1079 741 1252 783 mane
1275 754 1290 769 ·
1472 724 1744 784 trecentis
1801 732 1860 783 et
1887 722 2004 782 d⁸ri
2280 723 2441 783 deret
2459 755 2473 769 ·
2516 719 2563 756 ¹²
2578 721 2655 781 Et
2685 723 2873 800 prima
3036 724 3232 781 Amen
3254 721 3387 781 dico
3408 720 3580 780 uobis
3602 721 3739 797 quia

721 816 767 851 ⁸⁸
783 834 860 875 ne
887 834 1024 876 cum
1052 817 1274 876 uenerit
1473 818 1827 897 pauperibus
1856 827 1913 877 et
1941 816 2022 875 fre
2282 818 2376 876 die
2398 834 2738 894 azymorum
3036 834 3189 875 unus
3217 834 3289 874 ex
3318 816 3491 874 uobis
3518 832 3617 873 me

721 921 962 989 repente
989 911 1186 970 inueni
1475 913 1717 971 mebant
1743 912 1804 969 in
1832 928 1966 970 eam
1989 942 2002 955 ·
2025 940 2038 955 ·
2065 940 2079 955 ·
2284 912 2523 988 quando
2552 910 2761 988 pa⁸eha
2787 910 2870 967 im
3036 910 3226 969 tradet
3282 910 3381 987 qui
3408 908 3630 967 mandu

723 1015 785 1065 at
811 1022 923 1064 uos
952 1004 1219 1064 dormien
1477 1007 1497 1040 ⁶
1516 1004 1616 1064 Ihs
1645 1012 1840 1063 autem
1869 1002 2013 1062 dixit
2040 1001 2079 1060 il
2284 1006 2611 1065 molabatur
2672 1003 2731 1063 di
3038 1016 3132 1064 cat
3162 1022 3396 1064 mecum
3416 1036 3429 1050 ·
3453 1036 3466 1049 ·
3492 1003 3535 1037 ¹⁹
3556 1003 3635 1062 At
3660 1002 3741 1062 illi

723 1108 814 1158 tes
837 1130 850 1145 ·
895 1098 941 1131 ⁸⁷
957 1116 1107 1176 quae
1135 1101 1268 1157 aute
1476 1099 1548 1158 lis
1571 1130 1585 1145 ·
1647 1099 1813 1157 sinite
1847 1114 1979 1157 eam
2007 1094 2148 1175 quid
2285 1110 2427 1161 cunt
2451 1098 2505 1158 ei
2534 1096 2798 1176 discipuli
3040 1108 3354 1176 coeperunt
3381 1096 3599 1157 contris

723 1191 896 1251 uobis
923 1192 1059 1250 dico
1085 1190 1250 1250 omni
1479 1192 1556 1252 illi
1587 1192 1814 1251 molesti
1842 1190 1978 1250 estis
2001 1220 2016 1237 ·
2288 1193 2411 1253 eius
2435 1225 2448 1240 ·
2510 1209 2631 1271 quo
2656 1192 2746 1250 uis
2774 1210 2847 1251 ea
3039 1193 3145 1251 tari
3204 1202 3261 1251 et
3288 1190 3479 1250 dicere
3506 1192 3561 1249 ei

727 1286 838 1343 bus
864 1283 1000 1343 dico
1025 1283 1260 1359 uigilate
1284 1314 1299 1330 ·
1325 1306 1406 1335 se·
1482 1284 1720 1345 Bonum
1749 1302 1904 1362 opus
1930 1300 2116 1359 opera
2288 1304 2421 1346 mus
2445 1296 2502 1345 et
2530 1302 2776 1363 prepare
3041 1285 3254 1363 singuli
3310 1283 3601 1362 numquid

665 1376 700 1415 *
729 1384 826 1437 14.
853 1377 873 1411 ¹
890 1378 1173 1438 Futurum
1201 1385 1395 1435 autem
1483 1390 1542 1439 ta
1567 1389 1656 1439 est
1688 1380 1747 1437 in
1775 1397 1872 1436 me
1899 1408 1911 1423 ·
1959 1378 1982 1411 '¹
2005 1374 2144 1435 Sem
2290 1396 2423 1439 mus
2451 1380 2553 1440 tibi
2614 1388 2679 1437 ut
2706 1396 2846 1437 man
3042 1398 3191 1458 ego·
3254 1388 3312 1440 et
3339 1379 3484 1438 alius
3512 1396 3657 1437 num

664 1472 700 1509 *
732 1480 854 1532 erat
881 1482 1015 1549 post
1042 1470 1184 1531 bidu
1483 1491 1588 1550 per
1616 1473 1772 1531 enim
1801 1470 2084 1531 habebitis
2291 1475 2472 1533 duces
2499 1472 2720 1550 pascha
2743 1505 2757 1519 ·
3044 1474 3185 1552 quid
3212 1492 3325 1550 ego
3348 1504 3363 1520 ·
3404 1470 3451 1505 ²⁰
3467 1473 3681 1550 quibus

669 1566 704 1605 *
732 1583 833 1625 um
861 1584 1038 1644 pasca
1055 1596 1070 1613 ·
1132 1564 1211 1623 Et
1485 1584 1774 1645 pauperes
1801 1563 2049 1625 uobiscii
2073 1594 2087 1608 ·
2290 1568 2333 1603 ¹⁸
2351 1568 2428 1627 Et
2455 1568 2610 1627 misit
2632 1568 2781 1627 duos
2802 1584 2877 1627 ex
2899 1565 2993 1625 dis
3044 1570 3169 1645 ipse
3196 1568 3275 1626 ait
3293 1598 3306 1612 ·
3368 1584 3519 1625 unus
3547 1584 3623 1625 ex

669 1660 705 1701 ¹⁸²
733 1677 938 1739 azyma
961 1692 976 1707 ·
1039 1670 1099 1719 et
1125 1676 1276 1737 quae
1484 1660 1564 1719 Et
1590 1677 1727 1719 cum
1753 1656 2050 1718 uolueritis
2294 1662 2499 1739 cipulis
2528 1662 2645 1720 suis
2674 1660 2733 1719 di
3045 1660 3360 1721 duodecim
3421 1662 3521 1737 qui
3550 1660 3613 1719 in

731 1753 938 1815 rebant
965 1753 1152 1832 princi
1485 1754 1728 1832 potestis
1756 1752 1867 1812 illis
1894 1752 2050 1810 bene
2294 1774 2433 1817 cens
2454 1788 2467 1803 .
2532 1754 2608 1814 ite
2636 1754 2697 1813 in
2724 1754 2899 1813 ciuita
3043 1756 3253 1832 tinguit
3282 1772 3517 1815 mecum
3544 1772 3647 1814 ma

732 1866 840 1925 pes
861 1846 1171 1907 sacerdoti-1
1486 1847 1680 1907 facere
1700 1878 1714 1895 ·
1758 1864 1856 1905 me
1883 1850 2016 1905 aute
2297 1860 2415 1909 tem
2478 1857 2537 1907 et
2563 1856 2830 1907 occurret
3046 1867 3188 1907 num
3216 1849 3277 1907 in
3304 1847 3597 1908 acitabulo
3620 1880 3635 1895 ·

733 1952 792 2001 et
820 1941 1042 2000 scribae
1111 1957 1232 2016 quo
1487 1958 1613 1999 non
1640 1956 1872 2016 semper
1898 1937 2050 1997 habe
2294 1943 2465 2003 uobis
2493 1941 2674 2001 homo
2737 1958 2835 2001 am
3044 1940 3086 1975 ²¹
3105 1942 3181 2001 Et
3210 1942 3357 2001 filius
3386 1940 3622 2019 quidem
3642 1940 3723 2000 ho

733 2034 914 2095 modo
941 2032 1080 2093 dolo
1107 2042 1242 2091 tene
1487 2034 1620 2093 bitis
1639 2067 1652 2081 ·
1697 2034 1718 2067 ⁸
1735 2032 1896 2111 quod
1921 2030 2123 2090 habuit
2294 2036 2481 2098 foram
2508 2042 2661 2113 aque
2688 2052 2797 2111 por
3044 2036 3218 2096 minis
3246 2036 3405 2096 uadit
3432 2037 3581 2096 sicut

733 2137 864 2187 rent
927 2137 985 2187 et
1013 2125 1216 2187 occide
1481 2128 1636 2207 ¹haec
1666 2126 1800 2186 fecit
1820 2160 1833 2175 ·
1895 2143 2109 2203 praeue
2294 2142 2426 2191 tans
2444 2162 2459 2179 ·
2520 2128 2832 2207 sequimini
3046 2131 3325 2207 scriptum
3354 2140 3442 2190 est
3470 2130 3584 2189 deo
3610 2162 3625 2177 ·

735 2231 865 2281 rent
892 2239 1029 2280 eum
1051 2252 1064 2267 ·
1085 2253 1168 2263 -—
1489 2222 1574 2281 nit
1599 2230 1922 2298 ungentum
2295 2242 2433 2284 eum
2456 2255 2470 2271 ·
2515 2223 2561 2257 ¹⁴
2576 2233 2635 2283 et
2662 2239 2919 2299 quocum
3046 2223 3176 2283 Uae
3198 2234 3392 2283 autem
3422 2224 3647 2283 homini
3669 2222 3746 2283 illi

743 2351 1074 2414 ’Dicebant
1099 2352 1258 2413 enim
1321 2368 1397 2410 ne
1488 2370 1744 2431 unguere
1773 2369 1987 2429 corpus
2261 2406 2269 2413 .
2298 2373 2412 2435 que
2442 2354 2719 2414 introierit
2746 2354 2805 2413 di
3046 2373 3151 2433 per
3178 2374 3353 2433 quem
3384 2356 3533 2415 filius
3562 2356 3641 2416 ho

735 2450 799 2508 in
833 2448 928 2508 die
955 2446 1103 2507 sesto
1132 2456 1194 2505 tu
1489 2463 1690 2506 meum
1717 2446 1779 2505 in
1808 2446 2038 2522 sepultu
2298 2451 2407 2510 cite
2436 2449 2585 2528 patri
2612 2448 2855 2507 familias
2879 2479 2893 2493 ·
3044 2450 3219 2509 minis
3247 2450 3503 2510 tradetur

735 2543 952 2602 multus
981 2550 1236 2601 oreretur
1433 2537 1440 2552 '
1488 2559 1614 2600 ram
1634 2574 1647 2589 ·
1675 2572 1687 2587 ·
1714 2572 1728 2586 ·
1773 2539 1796 2573 ⁹
1816 2541 2012 2598 Amen
2039 2537 2174 2598 dico
2297 2545 2600 2618 Quoniam
2629 2544 2909 2619 magister
3046 2543 3286 2604 Bonum
3313 2545 3366 2604 ei
3428 2545 3477 2605 si
3506 2561 3630 2604 non
3662 2543 3722 2602 fu

735 2637 937 2716 populi
961 2669 974 2682 ·
1003 2669 1014 2682 -
1042 2668 1056 2682 ·
1099 2635 1122 2668 ³
1139 2633 1217 2692 Et
1244 2650 1381 2693 cum
1487 2635 1656 2694 uobis
1714 2633 2070 2709 ubicumque
2297 2638 2437 2698 dicit
2498 2637 2599 2695 ubi
2627 2645 2717 2696 est
2744 2636 2909 2695 diuer
3046 2638 3185 2698 isset
3213 2649 3384 2699 natus
3411 2638 3595 2698 homo

735 2740 892 2791 essct
918 2730 1008 2789 ihs
1035 2727 1248 2788 baetha
1490 2727 1855 2806 predicatum
1883 2725 1979 2784 fue
2298 2731 2516 2791 sotium
2533 2747 2732 2790 meum
3048 2731 3142 2792 ille
3162 2765 3175 2780 .
3220 2730 3265 2764 ²2
3281 2733 3357 2791 Et
3384 2732 3724 2792 manducan

737 2826 870 2884 niae
934 2825 994 2882 in
1025 2822 1210 2882 domo
1239 2821 1390 2881 simo
1490 2823 1564 2880 rit
1591 2819 1960 2897 euangelium
2295 2825 2397 2884 ubi
2426 2841 2560 2884 cum
2590 2823 2889 2900 discipulis
3049 2827 3203 2887 tibus
3230 2827 3339 2885 illis
3400 2827 3629 2903 accepit

738 2919 828 2977 nis
861 2917 1074 2994 leprosi
1103 2921 1241 2975 τεοῦ
1490 2915 1606 2974 hoc
1635 2915 1698 2973 in
1725 2913 2002 2974 uniuersi-t
2300 2919 2445 2982 meis
2473 2917 2827 2978 manducem
3048 2921 3139 2979 ihs
3166 2938 3383 2998 panem
3420 2933 3498 2981 -et
3524 2922 3679 2980 bene

738 3013 915 3070 bente
940 3010 1040 3069 illo
1099 3008 1266 3068 uenit
1493 3007 1780 3068 mundum
1802 3040 1815 3055 ·
1880 3017 1937 3066 et
1965 3005 2120 3083 quod
2301 3011 2522 3089 pascha
2544 3043 2557 3058 ·
2607 3009 2654 3046 ¹⁸
2670 3010 2747 3070 Et
2769 3012 2893 3089 ipse
2920 3029 2999 3072 uo
3050 3014 3251 3074 dicens
3308 3013 3479 3091 fregit
3505 3027 3565 3074 et

739 3103 946 3162 mulier
971 3102 1196 3162 habens
1491 3101 1625 3161 fecit
1650 3100 1798 3161 haec
1869 3118 2042 3160 narra
2300 3105 2390 3164 bis
2418 3105 2838 3164 demonstrabit
3050 3107 3210 3167 dedit
3237 3108 3320 3167 eis
3345 3117 3403 3166 et
3431 3109 3575 3167 dixit

738 3197 1094 3256 alabastrum
1121 3213 1202 3254 un
1491 3195 1637 3254 bitur
1665 3195 1726 3253 in
1757 3193 2008 3254 memori
2302 3199 2498 3259 locum
2526 3209 2769 3259 stratum
3052 3201 3317 3279 Accipite
3340 3235 3355 3249 .
3416 3201 3533 3262 hoc
3560 3213 3650 3262 est

741 3294 940 3374 guenti
969 3293 1136 3352 nardi
1164 3293 1256 3370 spi
1489 3293 1726 3351 ameius
1875 3292 1919 3326 ¹⁰
1934 3291 2013 3350 Et
2033 3289 2199 3352 iudas
2303 3292 2524 3370 grande
2553 3303 2821 3370 paratum
3054 3313 3267 3372 corpus
3296 3313 3498 3354 meum
3522 3327 3537 3342 ·

739 3394 854 3454 cati
881 3393 1116 3471 pretiosi
1174 3391 1252 3451 Et
1491 3389 1811 3450 scariothes
1839 3406 1994 3448 unus
2302 3385 2416 3445 illic
2444 3395 2641 3462 parate
2669 3388 2841 3446 nobis
3052 3387 3095 3423 ²⁸
3114 3389 3189 3448 Et
3204 3400 3449 3466 accepto
3480 3389 3661 3449 calice
3678 3391 3753 3449 be

738 3486 926 3546 fracto
953 3503 1026 3545 eo
1054 3484 1236 3544 efudit
1491 3503 1565 3543 ex
1595 3482 1908 3542 duodecim
1935 3483 2031 3542 abi
2301 3477 2345 3513 ¹⁶
2363 3479 2443 3538 Et
2463 3479 2729 3538 abierunt
2755 3481 2985 3557 discipu
3054 3482 3277 3542 nedixit
3336 3493 3395 3543 et
3422 3483 3583 3544 dedit

743 3598 919 3657 super
946 3589 1124 3657 caput
1152 3578 1276 3638 eius
1302 3611 1315 3625 ·
1491 3578 1536 3636 it
1561 3576 1635 3636 ad
1666 3575 1960 3655 principes
1989 3594 2054 3636 sa
2299 3573 2339 3634 li
2365 3574 2491 3633 eius
2514 3605 2529 3619 ·
2588 3573 2665 3632 Et
2692 3585 2980 3634 uenerunt
3054 3577 3139 3636 eis
3159 3609 3172 3623 ·
3199 3609 3211 3624 ·
3256 3587 3315 3636 et
3340 3577 3611 3636 biberunt

741 3673 966 3732 ⁴Erant
993 3683 1188 3731 autem
1217 3670 1444 3750 quida·-
1493 3669 1797 3730 cerdotum
1858 3677 1922 3727 ut
1950 3681 2074 3729 eu·-
2299 3669 2363 3726 in
2396 3669 2686 3728 ciuitatem
2745 3678 2803 3727 et
2830 3667 2887 3727 fe
3052 3689 3125 3729 ex
3144 3688 3217 3730 eo
3236 3690 3444 3731 omnes
3464 3705 3477 3720 ·
3508 3669 3553 3705 ²⁴
3572 3672 3649 3731 Et
3676 3671 3760 3732 ait

743 3765 1114 3842 indignantes
1177 3765 1252 3825 ad
1282 3783 1348 3824 se
1493 3763 1742 3823 traderet
1763 3762 1876 3822 illis
1895 3796 1908 3810 ·
2300 3770 2505 3822 cerunt
2533 3761 2681 3819 sicut
2710 3761 2846 3821 dixe
3052 3764 3161 3823 illis
3186 3797 3199 3812 ·
3266 3765 3359 3824 hic
3386 3775 3473 3824 est
3502 3783 3609 3826 san

745 3861 908 3938 ipsos
935 3869 994 3918 et
1022 3859 1279 3918 dicentes
1303 3889 1318 3908 ·
1493 3856 1539 3890 ¹¹
1561 3857 1641 3916 At
1672 3857 1750 3916 illi
1779 3856 2080 3917 audientes
2300 3865 2390 3914 rat
2415 3854 2523 3914 illis
2586 3854 2661 3914 Et
2688 3872 2905 3932 paraue
3052 3859 3181 3934 guis
3211 3877 3375 3918 meus
3402 3861 3543 3919 noui

747 3953 831 4013 Ut
860 3952 999 4031 quid
1027 3952 1172 4012 haec
1200 3951 1366 4029 perdi
1495 3950 1684 4028 ganisi
1713 3959 1845 4009 sunt
1873 3948 1952 4008 Et
2300 3956 2435 4008 runt
2462 3948 2683 4025 pascha
2708 3979 2785 3994 —
3053 3954 3382 4012 testamenti
3407 3953 3508 4030 qui

747 4049 830 4108 tio
846 4047 1127 4124 unguenti
1156 4045 1310 4106 sacta
1495 4043 1884 4122 promiserunt
1911 4043 1966 4103 ei
2304 4040 2616 4118 ²⁷Uespere
2634 4051 2825 4102 autem
2847 4041 3003 4104 facto
3054 4063 3163 4122 pro
3191 4046 3383 4104 multis
3412 4046 3574 4106 effun

747 4149 835 4201 est
858 4171 873 4189 ·
931 4140 1365 4218 “poteratenim
1498 4137 1810 4216 pecuniam
1837 4136 1974 4196 dare
1994 4167 2010 4184 ·
2302 4135 2463 4195 uenit
2490 4152 2629 4195 cum
2656 4135 2907 4196 duodeci
3054 4137 3224 4199 detur
3248 4171 3260 4184 ·
3304 4135 3349 4172 ’ὅ
3366 4139 3563 4198 Amen
