4373 5048
596 386 660 433 X.
684 384 886 447 23-x1.
908 380 984 445 8.]
1090 432 1096 437 .

314 551 439 602 ποι.
458 551 551 601 24.
593 553 1013 623 persequentur

592 656 704 697 uos
734 639 793 697 in
826 638 1057 697 ciuitate

594 732 767 791 istam
786 731 963 809 sugite
991 732 1053 789 in

596 824 835 884 alteram
855 850 869 865 ·
935 824 1093 901 quod

597 919 645 977 si
674 920 736 976 in
762 919 1004 978 alteram
1030 936 1135 995 per

596 1023 909 1089 sequentur
934 1030 1041 1071 uos
1065 1037 1080 1051 ·

598 1106 777 1183 fug-ite
806 1106 867 1164 in
894 1106 1069 1165 aliam
1092 1132 1107 1146 ·

596 1201 795 1259 Amen
821 1200 957 1260 dico
984 1200 1155 1259 uobis

600 1312 725 1353 non
753 1294 1097 1353 eonsumabi

596 1388 670 1447 tis
698 1388 957 1447 ciuitates
980 1388 1048 1446 ils
1072 1413 1086 1429 ·

601 1481 789 1542 donec
812 1482 1007 1541 ueniat
1026 1482 1067 1541 fi

599 1574 709 1634 lius
738 1574 991 1634 hominis
1012 1602 1025 1615 ·

601 1666 646 1701 ²⁴
664 1668 805 1728 Non
833 1678 923 1728 est
949 1666 1265 1747 discipulus

602 1780 778 1841 super
804 1764 1085 1840 magistrii
1104 1787 1119 1802 ·

604 1876 715 1917 nec
744 1875 944 1916 seruus
972 1876 1144 1935 super

605 1952 749 2011 diim
774 1977 787 1991 ·
832 1951 877 1987 ²⁶
898 1951 1049 2011 Satis
1077 1962 1165 2012 est

606 2045 890 2122 discipulo
916 2055 979 2104 ut
1006 2047 1081 2106 sit

604 2139 754 2199 sicut
780 2140 1052 2215 magister

605 2234 728 2293 eius
751 2260 763 2273 ·
830 2243 888 2291 et
913 2252 1115 2295 seruus

606 2329 759 2387 sicut
786 2329 900 2388 dr'is
930 2329 1053 2387 eius
1071 2354 1084 2368 ·

610 2420 673 2480 Si
706 2432 931 2498 patrem
960 2418 1203 2481 familias

606 2553 905 2613 beelzebul
933 2572 1159 2614 uocaue

610 2659 745 2708 runt
767 2674 783 2690 ·
842 2658 1065 2725 quanto
1092 2667 1192 2708 ma

608 2742 699 2820 gis
728 2743 1085 2803 domesticos

608 2836 763 2895 eius·
824 2833 977 2896 “Ne
1006 2853 1149 2913 ergo
1180 2834 1219 2895 ti

612 2931 871 2990 mueritis
898 2948 1004 2990 eos
1028 2955 1042 2970 ·

613 3022 756 3082 nihil
782 3023 941 3082 enim
969 3028 1175 3100 opertu

612 3127 703 3177 est
730 3116 890 3194 quod
918 3135 1043 3176 non
1074 3136 1137 3176 re

612 3213 924 3272 uelabitur·
967 3221 1025 3271 et
1053 3230 1125 3271 oc

610 3307 828 3368 cultum
857 3305 1017 3383 quod
1047 3323 1167 3366 non

612 3401 822 3461 sciatur
844 3427 857 3440 ·
901 3397 1121 3476 ”quod

613 3495 749 3555 dico
775 3495 945 3552 uobis
972 3494 1035 3552 in
1061 3503 1193 3552 tene

614 3590 732 3648 bris
761 3588 933 3648 dicite
961 3588 1022 3645 in
1053 3588 1193 3646 lumi

615 3682 1215 3758 oe·awaemw

616 3797 677 3838 re
705 3777 909 3838 auditis
940 3776 1139 3853 praedi

616 3882 745 3932 cate
772 3889 946 3948 super
968 3875 1121 3930 tectii
1138 3897 1153 3910 ·

616 3965 661 4001 ²⁸
677 3968 754 4026 Et
780 3965 957 4025 nolite
984 3964 1185 4023 timere

616 4080 721 4122 eos
749 4061 847 4137 qui
878 4059 1157 4118 occidunt

616 4172 832 4232 corpus
854 4179 869 4194 ·
928 4152 1125 4211 anima

619 4259 812 4309 autem
846 4265 971 4306 non
998 4255 1246 4323 possunt

615 4342 883 4404 occidere
908 4367 921 4382 ·
971 4340 1075 4399 sed

614 4438 807 4516 potius
834 4454 971 4496 eum
999 4436 1197 4495 timete

1847 369 1985 429 MA
2003 352 2325 427 TTHEIJ·
2335 396 2352 412 ο

1349 541 1449 619 qui
1477 550 1669 620 potest
1696 542 1937 601 anima*

1348 646 1407 694 et
1434 653 1644 713 corpus
1672 634 1851 713 perde

1348 746 1410 787 re
1437 730 1501 787 in
1528 729 1859 806 gehennam
1882 754 1897 770 ·

1346 818 1391 854 ’⁹
1401 820 1619 881 Nonne
1640 822 1746 881 due
1764 832 2026 900 passeres

1346 933 1477 975 asse
1504 926 1757 975 ueneunt
1773 942 1787 957 ·

1350 1020 1409 1070 et
1440 1028 1623 1069 unum
1650 1030 1724 1070 ex
1754 1010 1863 1070 illis

1352 1122 1477 1163 non
1504 1103 1675 1163 cadet
1702 1122 1877 1182 super

1350 1207 1561 1256 terram
1589 1198 1717 1257 sine
1734 1217 1817 1258 uo

1352 1292 1570 1352 luntate
1596 1294 1775 1368 patris

1352 1386 1529 1444 uestri
1548 1412 1563 1426 ·
1619 1386 1665 1419 ⁸⁰
1683 1385 1875 1446 Uestri

1358 1490 1555 1540 autem
1584 1490 1643 1539 et
1670 1481 1861 1557 capilli
1890 1498 1961 1541 ca

1274 1584 1283 1595 ·
1355 1574 1488 1651 pitis
1516 1574 1799 1633 numerati

1356 1678 1493 1727 sunt
1521 1686 1731 1729 omnes
1750 1695 1764 1709 ·
1824 1666 1865 1701 ³¹
1886 1667 2007 1729 noli

1356 1770 1415 1820 te
1444 1778 1587 1837 ergo
1616 1762 1819 1821 timere
1842 1788 1855 1803 ·

1358 1855 1542 1914 multo
1570 1874 1679 1915 uos
1704 1856 1881 1917 melio

1358 1967 1453 2009 res
1479 1950 1615 2007 estis
1640 1951 1861 2027 passeri

1363 2045 1473 2103 bus
1497 2069 1510 2083 ·
1560 2042 1643 2107 ’μ’
1660 2044 1852 2104 omnis
1879 2063 1943 2104 er

1363 2156 1442 2215 go
1471 2138 1570 2215 qui
1596 2138 1903 2198 confitetur

1366 2237 1500 2295 'rme
1528 2250 1729 2291 coram
1760 2232 1985 2291 bomini

1361 2327 1471 2385 bus
1494 2352 1507 2366 ·
1572 2326 1897 2385 confitebor

1362 2437 1476 2503 ego
1504 2419 1664 2478 illum
1694 2438 1894 2479 coram

1362 2563 1524 2632 patre
1552 2571 1687 2614 meo
1714 2553 1814 2631 qui
1841 2563 1931 2614 est

1362 2648 1423 2705 in
1452 2647 1627 2706 caelis
1648 2673 1663 2687 ·
1727 2647 1773 2680 ⁸⁸
1789 2649 1890 2724 qui
1916 2666 1994 2708 au

1363 2751 1483 2801 tem
1510 2741 1809 2817 negauerit

1366 2853 1463 2894 me
1491 2852 1695 2894 coram
1723 2834 1885 2894 homi

1367 2929 1541 2988 nibus
1618 2931 1853 3005 negabo
1880 2940 1937 2990 et

1363 3040 1480 3098 ego
1508 3022 1667 3081 illum
1690 3041 1889 3082 coram

1363 3127 1529 3195 patre
1558 3135 1694 3177 meo
1722 3117 1822 3194 qui
1848 3127 1936 3177 est

1366 3213 1427 3270 in
1456 3211 1631 3270 caelis
1656 3235 1669 3250 ·
1712 3211 1758 3243 ⁸⁴
1772 3209 1971 3272 Nolite

1366 3305 1623 3364 arbitrari
1651 3305 1789 3381 quia

1365 3399 1503 3458 ueni
1529 3417 1737 3475 pacem
1766 3399 1929 3460 mitte

1366 3511 1431 3552 re
1459 3493 1521 3550 in
1548 3504 1759 3551 terram
1784 3519 1799 3534 ·

1370 3585 1511 3648 Non
1536 3587 1673 3646 ueni
1700 3605 1911 3664 pacem

1366 3681 1592 3740 mittere
1622 3681 1724 3740 sed
1752 3681 1851 3758 gla

1368 3775 1529 3834 dium
1550 3801 1565 3815 ·
1608 3774 1655 3808 ⁸⁵
1670 3772 1825 3833 Ueni
1852 3783 1951 3834 eni

1370 3887 1639 3946 separare
1666 3868 1830 3927 filiu-

1370 3963 1651 4022 aduersus
1678 3967 1842 4040 patre

1368 4074 1538 4116 suum
1558 4083 1572 4096 ·
1633 4065 1691 4114 et
1719 4057 1895 4115 filiam

1368 4149 1649 4209 aduersus
1670 4155 1861 4226 ‚matre

1366 4262 1537 4304 suam
1558 4274 1574 4290 ·
1633 4255 1691 4302 et
1720 4249 1868 4302 nursi

1368 4339 1649 4400 aduersus
1678 4343 1849 4398 socn‘i

1298 4492 1307 4500 .
1371 4451 1539 4494 suam
1564 4460 1579 4475 ·
1638 4434 1757 4493 ”et
1785 4431 2003 4492 inimici

2160 537 2419 597 hominis
2447 536 2654 597 domes

2160 633 2327 692 tieius
2346 658 2361 672 ·
2423 630 2468 665 ⁸⁷
2486 631 2582 707 qui
2616 629 2717 691 dili

2160 726 2246 802 git
2273 734 2499 801 patrem
2521 733 2624 783 aut

2158 829 2407 878 matrem
2435 818 2569 895 plus

2160 931 2340 989 quam
2366 931 2462 971 me
2542 930 2665 971 non

2162 1016 2254 1067 est
2280 1024 2376 1065 me
2403 1005 2617 1082 dignus
2637 1032 2652 1046 ·

2163 1099 2242 1160 Et
2269 1101 2367 1177 qui
2395 1100 2577 1176 diligit
2605 1099 2724 1159 filiii

2164 1203 2265 1254 aut
2291 1194 2466 1253 filiam
2493 1194 2624 1271 plus

2166 1298 2338 1366 quam
2367 1306 2462 1347 me
2490 1324 2503 1337 ·
2567 1305 2691 1347 non

2166 1393 2257 1441 est
2283 1402 2379 1441 me
2408 1382 2618 1459 dignus
2642 1408 2656 1421 ·

2166 1477 2212 1509 ³⁸
2229 1476 2308 1535 Et
2335 1475 2435 1553 qui
2461 1494 2584 1534 non
2605 1475 2818 1553 accipit

2167 1588 2400 1631 crucem
2429 1586 2596 1629 suam

2166 1676 2226 1724 et
2255 1665 2512 1741 sequitur
2540 1680 2638 1723 me

2168 1778 2292 1819 non
2321 1768 2410 1817 est
2437 1776 2532 1817 me
2561 1757 2663 1834 dig

2169 1871 2281 1912 nus
2300 1879 2314 1893 ·
2375 1853 2420 1887 ⁸⁹
2437 1852 2536 1929 qui
2561 1852 2698 1912 inue

2172 1948 2258 2006 nit
2283 1947 2543 2005 animam
2571 1950 2679 2004 sua

2171 2042 2380 2118 perdet
2404 2040 2564 2098 illam
2587 2065 2602 2079 ·

2172 2134 2249 2194 Et
2277 2136 2376 2212 qui
2403 2132 2714 2211 perdiderit

2172 2231 2431 2289 animam
2461 2245 2629 2287 suam

2171 2334 2411 2401 propter
2439 2340 2536 2380 me
2555 2346 2570 2361 ·

2169 2418 2428 2478 inueniet
2454 2434 2588 2476 eam

2172 2551 2218 2586 ⁴⁰
2235 2551 2354 2625 Qui
2373 2551 2578 2630 recipit
2595 2567 2704 2610 uos
2780 2567 2876 2609 me

2164 2646 2408 2724 recipit·
2471 2655 2531 2705 et
2556 2646 2656 2722 qui
2685 2662 2782 2704 me

2165 2741 2368 2816 recipit
2389 2767 2404 2782 ·
2462 2739 2665 2816 recipit

2168 2851 2310 2893 eum
2339 2834 2436 2910 qui
2468 2851 2563 2891 me
2591 2833 2781 2891 misit·

2168 2927 2212 2961 ⁴¹
2230 2927 2351 3001 Qui
2378 2926 2584 3004 recipit
2608 2925 2774 3005 profe

2168 3031 2290 3082 tam
2310 3047 2322 3062 ·
2367 3023 2428 3079 in
2457 3021 2694 3081 nomine

2169 3115 2464 3193 profaetae
2483 3142 2497 3156 ·
2558 3131 2685 3174 mer

2168 3210 2378 3270 cedem
2405 3208 2664 3287 profetae

2169 3304 2414 3380 accipiet
2433 3330 2446 3344 ·
2507 3314 2567 3363 et
2595 3303 2696 3379 qui

2169 3398 2374 3475 recipit
2399 3398 2614 3456 iustum

2169 3492 2231 3550 in
2259 3493 2498 3551 nomine
2527 3491 2658 3550 iusti
2679 3517 2693 3532 ·

2169 3586 2498 3645 mercedem
2526 3587 2660 3646 iusti
2688 3605 2760 3646 ac

2169 3679 2373 3757 cipiet·
2417 3677 2462 3712 ⁴⁸
2476 3689 2535 3738 et
2562 3681 2740 3756 quiea

2169 3791 2284 3850 que
2312 3783 2518 3852 potum
2547 3773 2698 3834 dede

2170 3868 2274 3927 rit·
2337 3869 2438 3926 uni
2467 3885 2542 3927 ex
2569 3868 2714 3926 mini

2169 3963 2284 4021 mis
2308 3961 2428 4020 istis
2457 3961 2698 4022 calicem

2169 4074 2322 4133 aque
2349 4056 2593 4133 frigidae
2616 4083 2629 4096 ·
2694 4065 2798 4115 tan

2168 4160 2294 4209 tum
2321 4151 2383 4209 in
2411 4151 2652 4209 nomine

2169 4243 2471 4320 discipuli·
2532 4244 2734 4304 Amen

2170 4338 2305 4398 dico
2333 4338 2506 4398 uobis
2531 4356 2654 4400 non
2683 4357 2758 4416 pe

2884 630 3058 691 *cum
3087 642 3462 691 consumma·

2885 726 3014 786 *set
3039 726 3132 785 ihs
3154 751 3167 767 ·
3227 728 3492 805 praecipi

2885 824 3030 885 *ens
3057 823 3370 885 duodecim

2884 917 3224 996 *discipulis
3250 920 3370 978 suis
3389 946 3406 961 ·

2917 1012 3173 1071 transsiit
3201 1013 3342 1072 inde
3365 1046 3378 1059 ·

2915 1116 2982 1164 ut
3009 1106 3246 1166 doceret
3271 1115 3330 1165 et
3355 1126 3466 1185 pre

2919 1198 3135 1259 dicaret
3161 1200 3225 1259 in
3251 1201 3426 1260 ciuita

2917 1292 3072 1353 tibus
3099 1311 3306 1354 eorum
3327 1325 3342 1340 ·

2921 1384 2944 1417 ²
2960 1387 3256 1447 Iohannes
3285 1397 3484 1449 autem

2923 1500 3060 1541 cum
3088 1482 3344 1542 audisset
3369 1484 3432 1541 in

2924 1592 3154 1635 carcere
3183 1594 3368 1652 opera

2925 1668 3028 1746 xpi
3051 1695 3065 1709 ·
3126 1669 3361 1729 mittens
3387 1688 3496 1748 per

2925 1763 3244 1840 discipulos
3272 1782 3410 1825 suos
3433 1792 3446 1805 ·

2927 1857 2950 1891 ⁸
2966 1858 3044 1917 ait
3072 1857 3152 1915 illi
3227 1857 3328 1917 Tu
3353 1876 3418 1919 es
3447 1861 3548 1938 qui

2926 1959 3206 2011 uenturus
3238 1970 3304 2011 es
3385 1971 3464 2012 an

2927 2046 3102 2105 alium
3137 2057 3418 2123 exspecta

2927 2159 3060 2200 mus
3081 2166 3094 2181 ·
3141 2142 3160 2175 ¹
3178 2150 3238 2201 et
3264 2154 3474 2219 resp0n

2926 2235 3074 2294 dens
3099 2234 3190 2293 ihs
3217 2236 3296 2294 ait
3322 2236 3432 2297 illis
3453 2262 3468 2276 ·

2924 2325 3146 2388 Euntes
3174 2330 3434 2391 nuntiate

2929 2421 3170 2481 iohanni
3191 2449 3206 2464 ·
3266 2442 3418 2501 quae
3449 2442 3528 2485 au

2930 2554 3093 2615 distis
3121 2565 3178 2614 et
3206 2557 3428 2617 uidistis
3451 2583 3468 2599 ·

2924 2649 2948 2682 ⁸
2965 2650 3126 2710 caeci
3149 2650 3351 2710 uident
3369 2677 3384 2692 ·
3446 2661 3506 2712 et

2922 2743 3115 2804 claudi
3143 2745 3444 2805 ambulant
3462 2771 3477 2787 ·

2921 2837 3136 2914 leprosi
3164 2839 3428 2898 mundan

2923 2941 3017 2990 tur
3039 2957 3052 2971 ·
3115 2942 3174 2991 et
3202 2933 3362 2992 surdi
3393 2953 3470 2992 au

2926 3025 3096 3084 diunt
3117 3056 3132 3071 ·
3194 3034 3253 3085 et
3279 3029 3498 3088 mortui

2925 3129 3233 3197 resurgunt
3257 3147 3272 3161 ·
3331 3132 3392 3180 et

2925 3232 3211 3291 pauperes
3237 3233 3391 3274 euan

2925 3309 3272 3384 gelizantur·
3327 3309 3424 3370 ‘et
3449 3311 3526 3370 be

2926 3413 3054 3462 atus
3081 3411 3170 3462 est
3198 3402 3298 3480 qui
3324 3420 3451 3463 non

2926 3496 3352 3558 scandalizatus
3378 3496 3438 3556 fu

2926 3589 3033 3648 erit
3060 3590 3121 3647 in
3149 3608 3246 3650 me
3265 3617 3280 3631 ·

2925 3683 3326 3743 'Abeuntibus
3357 3691 3494 3746 aute

2926 3775 3037 3835 illis
3059 3807 3072 3821 ·
3133 3779 3327 3855 coepit
3353 3779 3445 3839 ihs

2927 3871 3121 3930 dicere
3149 3873 3226 3932 ad
3254 3874 3454 3933 turbas

2928 3965 3001 4024 de
3029 3965 3284 4026 ihoanne
3309 3992 3322 4007 ·
3385 3967 3528 4047 quid

2925 4061 3152 4121 exsistis
3181 4061 3244 4119 in
3273 4061 3442 4123 deser

2925 4163 3053 4213 tum
3081 4155 3309 4215 uidere·
3373 4157 3452 4217 ha

2924 4249 3234 4308 rundinem
3265 4269 3304 4308 a
3328 4269 3446 4310 uen

2927 4349 2989 4401 to
3017 4343 3220 4419 agitari
3244 4370 3260 4385 ·
3301 4343 3326 4376 ⁸
3345 4345 3450 4404 sed

2169 4432 2304 4492 ribit
2331 4449 2554 4493 merces
2582 4434 2706 4493 eius
2727 4460 2739 4474 ·
2761 4460 2844 4486 se·
2928 4436 3070 4514 quid
3097 4436 3293 4497 existis
3319 4439 3458 4498 uide

3357 4549 3418 4589 ΓΘ

3545 380 3623 447 Ῑ3

2885 535 3008 595 *11.
3051 532 3166 595 ¹Et
3191 534 3411 594 factum
3439 544 3530 597 est
3654 538 3784 589 ποι.
3805 538 3902 587 85.
