4373 5048
581 380 793 431 xxvu.
811 374 963 428 66—1.
981 373 1057 438 6.]

298 540 423 591 rol.
447 542 539 591 80.
628 536 779 587 lectio
801 538 855 587 in
876 535 1076 602 uegiliis
1094 547 1245 600 pesce

648 630 738 679 per
756 616 915 665 altare

584 689 782 753 chrum
805 725 820 741 ·
880 694 1176 771 signantes

584 786 841 862 lapidem
868 805 1006 847 cum
1034 804 1141 846 cus

584 880 823 939 todibus
845 912 860 926 ·
930 912 943 926 ·
960 912 973 926 ·
994 904 1135 932 m·-

560 973 699 1033 ¹⁸28.
741 971 763 1005 ¹
781 971 1042 1051 Uespere
1068 981 1263 1033 autem

558 1066 817 1127 *sabbati
835 1100 850 1115 ·
910 1085 1062 1145 quae

557 1160 832 1221 *lucescit
858 1162 919 1219 in
946 1162 1035 1237 pri

556 1253 691 1315 ¹'‘ma
717 1256 941 1314 sabbati
959 1286 974 1301 ·
1036 1252 1131 1314 Ue

586 1349 673 1406 nit
701 1348 883 1407 maria
912 1348 1129 1425 magda

586 1440 721 1501 lena
739 1472 753 1487 ·
816 1450 873 1500 et
900 1441 1079 1501 altera

586 1536 769 1594 maria
796 1535 991 1595 uidere
1020 1552 1084 1595 se

585 1627 889 1705 pulchrum
913 1659 927 1676 ·
970 1629 994 1663 ⁹
1010 1627 1087 1688 Et

586 1740 727 1781 ecce
754 1730 901 1782 terre
930 1732 1125 1781 motus

586 1814 776 1875 sactus
802 1825 889 1875 est
914 1834 1167 1893 magnus

586 1909 853 1986 Angelus
881 1910 1039 1968 enim
1068 1909 1167 1967 dni

585 2002 887 2063 descendit
914 2002 987 2061 de
1016 2002 1180 2062 caelo
1198 2032 1213 2051 ·
1230 1994 1249 2009 “

584 2105 643 2155 et
670 2095 958 2155 accedens
986 2114 1048 2155 re

586 2188 769 2249 uoluit
794 2188 1048 2267 lapidem

590 2284 667 2342 ab
694 2292 859 2341 osteo
887 2290 945 2341 et
972 2283 1109 2342 sede

588 2378 689 2435 bat
716 2394 887 2453 super
914 2392 1050 2434 eum
1073 2406 1088 2421 ·

591 2469 769 2529 ⁸Erat
796 2479 991 2529 autem
1019 2486 1194 2548 aspec

590 2612 682 2661 tus
702 2603 827 2661 eius
855 2603 1001 2660 sicut
1027 2601 1109 2660 ful

589 2714 697 2774 gor
721 2705 779 2755 et
803 2696 1087 2756 uestimen

586 2799 647 2849 ta
674 2791 797 2849 eius
825 2790 1073 2850 candida
1100 2791 1149 2850 si

589 2893 689 2943 cut
715 2884 815 2942 nix
838 2915 854 2930 ·
915 2885 939 2916 ⁴
954 2902 1094 2960 prae
1125 2883 1167 2942 ti

590 2995 753 3035 more
782 2987 975 3036 autem
1004 2977 1127 3036 eius

592 3071 841 3130 exterriti
869 3080 1003 3130 sunt
1022 3089 1127 3130 cus

592 3165 759 3223 todes
828 3175 887 3224 et
912 3163 1047 3224 facti

594 3267 730 3317 sunt
755 3256 920 3316 uelut
940 3276 1071 3316 mor

592 3351 675 3409 tui
695 3381 710 3396 ·
736 3381 751 3395 ·
774 3381 787 3396 ·
852 3349 874 3383 ⁵
893 3349 1137 3425 Respon

595 3445 739 3503 dens
766 3453 961 3503 autem
994 3461 1145 3520 ange

594 3536 684 3595 lus
714 3537 857 3596 dixit
884 3537 1105 3596 mulieri

595 3631 705 3688 bus
729 3661 743 3676 ·
802 3629 982 3688 nolite
1010 3630 1148 3688 time

593 3741 656 3782 re
685 3741 792 3782 uos
816 3753 829 3768 ·
892 3723 1026 3782 Scio
1053 3724 1197 3783 eni·-

596 3817 757 3894 quod
783 3816 903 3875 ihm
931 3817 1031 3893 qui
1061 3835 1163 3876 cru

595 3909 830 3969 cifixsus
858 3919 947 3969 est
972 3929 1087 3988 que

596 4003 717 4061 ritis
741 4034 755 4048 -
798 4003 821 4036 ⁸
837 4019 957 4062 non
986 4014 1073 4062 est
1099 4003 1195 4063 hic

598 4096 839 4154 surrexit
866 4097 1021 4154 enirn
1051 4097 1099 4155 si

599 4199 698 4247 cut
724 4189 867 4247 dixit
890 4220 903 4234 ·
962 4190 1097 4249 ueni

598 4289 656 4340 te
685 4282 876 4340 uidete
903 4281 1101 4340 locum
1119 4315 1134 4330 ·

599 4374 702 4434 ubi
729 4376 951 4453 positus
977 4385 1101 4436 erat
1127 4377 1237 4438 dns

1810 358 1860 421 I
1860 358 2038 421 OHA
2045 347 2255 423 NNE'
2271 387 2286 405 ·

1336 686 1362 722 '¹
1378 686 1459 747 Et
1484 688 1601 749 cito
1629 698 1833 750 euntes
1863 688 1925 750 di

1342 783 1451 842 cite
1479 781 1778 860 discipulis

1340 877 1463 936 eius
1487 907 1502 923 ·
1563 875 1721 949 Quia
1748 894 1847 936 sur

1341 971 1489 1029 rexit
1516 988 1553 1029 a
1578 971 1819 1029 mortuis

1342 1074 1401 1123 et
1426 1083 1568 1124 ecce
1595 1064 1869 1141 precedet

1343 1174 1453 1217 uos
1482 1158 1543 1216 in
1570 1157 1838 1234 galileam

1342 1259 1401 1310 et
1426 1251 1504 1309 ibi
1532 1269 1668 1310 eum
1693 1251 1887 1311 uidebi

1340 1346 1447 1405 tis·
1492 1362 1631 1403 ecce
1658 1345 1918 1421 praedixi

1340 1438 1510 1497 uobis
1533 1471 1548 1485 ·
1608 1444 1645 1502 †
1666 1438 1687 1472 ⁸
1706 1449 1763 1500 et
1789 1440 1919 1501 exie

1341 1541 1475 1589 runt
1502 1533 1618 1592 cito
1647 1533 1721 1592 de
1750 1552 1850 1592 mo

1340 1635 1621 1685 numento
1647 1646 1783 1685 cum
1808 1628 1853 1687 ti

1340 1736 1503 1779 more
1530 1729 1589 1779 et
1615 1720 1834 1797 gaudio

1340 1829 1561 1888 magno
1583 1845 1598 1859 ·
1659 1826 1953 1875 currentes

1341 1906 1606 1965 nuntiare
1633 1907 1859 1986 discipu

1338 1997 1409 2058 lis
1429 2030 1443 2047 ·
1485 1999 1508 2033 ⁹
1526 2018 1661 2058 cum
1682 2012 1879 2081 autem

1343 2092 1599 2153 abierent
1626 2096 1827 2155 nuntia

1342 2205 1406 2245 re
1434 2187 1727 2265 discipulis
1750 2221 1765 2236 ·
1824 2188 1907 2250 Et

1346 2300 1483 2341 ecce
1513 2282 1603 2340 ihs
1630 2285 1854 2343 occurit
1880 2284 1921 2343 il

1346 2374 1415 2433 lis
1443 2375 1643 2435 dicens
1661 2404 1674 2417 ·
1735 2378 1979 2439 hauaete
1998 2412 2011 2427 ·

1346 2465 1437 2528 Illi
1465 2479 1659 2529 autern
1688 2472 1947 2533 acceden

1344 2609 1431 2660 tes
1460 2610 1762 2662 tenuerunt
1788 2622 1864 2681 pe

1345 2693 1449 2753 des
1476 2695 1599 2755 eius
1626 2704 1683 2754 et
1712 2697 1893 2758 adora

1342 2799 1547 2846 uerunt
1572 2806 1709 2847 eum
1732 2821 1747 2836 ·

1342 2877 1567 2940 ¹⁰Tunc
1586 2883 1779 2942 aitillis
1798 2884 1887 2944 ihs
1907 2917 1921 2931 ·
1966 2903 2044 2944 no

1341 2974 1438 3034 lite
1467 2976 1668 3035 timere
1689 3009 1704 3024 ·
1765 2978 1850 3038 Ite
1880 2996 2004 3038 nun

1343 3069 1477 3128 tiate
1506 3069 1773 3130 fratribus
1802 3059 1949 3132 meis

1344 3172 1407 3221 ut
1434 3173 1571 3222 eant
1598 3164 1659 3222 in
1686 3165 1957 3241 galileam
1980 3199 1995 3214 ·

1347 3265 1403 3312 et
1432 3257 1509 3314 ibi
1538 3276 1632 3316 me
1661 3259 1944 3318 uidebunt
1961 3292 1976 3307 ·

2070 3290 2127 3337 In
2144 3290 2250 3353 aigi

1347 3348 1568 3422 ¹²Quae
1587 3370 1722 3410 cum
1741 3353 1997 3413 abierent
2016 3387 2029 3400 .
2071 3355 2151 3404 liis

2305 606 2459 657 lectio
2480 606 2629 656 tertia
2651 605 2717 655 ad
2741 606 2928 658 Fontes

2261 686 2433 745 dicite
2460 686 2597 763 quia
2624 686 2768 745 disci

2260 779 2380 855 puli
2408 779 2556 838 illius
2583 790 2764 839 noctu

2259 882 2545 931 uenerunt
2569 881 2628 931 et
2653 871 2716 931 fu

2259 966 2366 1025 rati
2394 974 2530 1026 sunt
2557 984 2694 1025 eum
2716 984 2797 1025 no

2262 1060 2350 1117 bis
2379 1060 2800 1119 dormientibus
2821 1090 2836 1107 ·

2259 1150 2304 1186 ¹⁴
2321 1150 2397 1210 Et
2419 1153 2468 1211 si
2488 1152 2602 1212 hoc
2624 1152 2884 1212 auditum
2902 1151 2964 1213 fu

2261 1245 2366 1304 erit
2395 1264 2430 1304 a
2457 1246 2721 1323 praeside

2261 1356 2372 1397 nos
2399 1339 2768 1399 suadebimus

2259 1433 2315 1492 ei
2382 1442 2440 1492 et
2466 1450 2700 1493 securos
2753 1452 2863 1493 uos

2259 1525 2539 1585 faciemus
2560 1558 2574 1573 ·
2618 1527 2662 1560 ¹⁸
2678 1527 2759 1586 At
2783 1526 2862 1585 illi

2259 1628 2502 1696 accepta
2529 1621 2777 1696 pecunia
2798 1652 2814 1667 ·

2261 1712 2521 1772 fecerunt
2549 1714 2696 1772 sicut

2260 1816 2424 1865 erant
2451 1804 2643 1865 edocti
2673 1836 2688 1853 ·

2260 1909 2317 1960 et
2345 1898 2748 1976 difluulgatum

2261 2002 2350 2052 est
2375 1995 2618 2052 uerbum
2647 1992 2802 2053 istud

2262 2086 2421 2165 apud
2448 2087 2652 2148 iudeos
2753 2106 2824 2147 us

2262 2198 2413 2257 quae
2440 2180 2502 2238 in
2527 2180 2810 2240 hodiernii

2261 2273 2417 2333 diem
2442 2300 2455 2313 ·
2513 2279 2550 2337 †
2571 2270 2616 2307 ¹⁰
2631 2272 2864 2336 Undeci

2263 2375 2458 2425 autem
2486 2366 2751 2443 discipuli

3504 382 3586 442 41

3749 536 3876 587 m.
3895 536 3982 587 82.

3108 608 3326 659 seconcia
3345 609 3452 660 firia
3472 611 3525 661 in
3547 610 3692 663 albos

3044 688 3124 748 Et
3151 707 3290 749 ecce
3317 708 3431 767 ego
3458 692 3631 751 uobis

3045 800 3182 842 cum
3211 800 3342 842 sum
3363 816 3376 831 ·
3441 784 3609 844 omni

3045 875 3156 935 bus
3183 876 3388 937 diebus
3417 895 3487 938 us

3046 988 3197 1047 quae
3223 971 3301 1029 ad
3328 988 3577 1031 consum

3046 1064 3366 1124 mationem
3395 1064 3573 1125 seculi
3593 1091 3677 1120 ω

3075 1182 3652 1213 mmm-‘⁵

3121 1434 3624 1497 EVAGELIVM
3648 1450 3752 1491 ’.Α

3174 1530 3632 1591 SECUNDUM
3651 1558 3753 1585 -m

3055 1664 3066 1673 ·
3148 1623 3644 1686 MATTHEUM
3664 1651 3765 1680 κο,

3233 1728 3560 1775 ΕΧΠΛΙΚῙΤ
3590 1745 3692 1774 ουκ

3103 1808 3422 1871 INCIPIT
3464 1812 3696 1873 EUAN

3049 1902 3264 1963 LIUM
3284 1937 3298 1951 ·
3317 1904 3778 1966 SECUNDUM

3134 1998 3600 2059 IOHANNEM
3619 2032 3632 2045 ·
3660 2031 3674 2048 ·
3699 2032 3714 2047 ·
3736 2032 3751 2047 ·

3141 2116 3714 2155 samsom

3053 2384 3305 2445 minitiii
3329 2418 3342 2431 ·
3373 2384 3658 2463 euangelii
3672 2411 3754 2438 ,Α

2262 2460 2526 2520 abierunt
2551 2461 2614 2519 in
2639 2460 2908 2538 galilea-⁰
2979 2504 3063 2529 m
3079 2478 3302 2539 secund
3332 2511 3347 2527 .
3391 2480 3796 2542 iohanne‘m

2263 2593 2324 2650 in
2353 2602 2612 2651 montem
2640 2578 2743 2652 ubi

2265 2686 2638 2745 constituerat
2665 2686 2772 2746 illis
2867 2761 2874 2770 ι

2265 2778 2355 2836 ihs
2378 2809 2393 2824 ·
2436 2776 2480 2811 ²⁷
2497 2787 2555 2837 et
2582 2779 2844 2839 uidentes

2266 2888 2402 2929 eum
2430 2871 2817 2931 adorauerunt

2267 2981 2401 3022 eum
2425 2995 2439 3010 ·
2500 2965 2738 3040 quidam
2766 2984 2844 3025 au

2267 3065 2385 3114 tem
2406 3056 2810 3116 dubitauerunt
2837 3089 2853 3106 ·

2265 3147 2310 3182 ¹⁸
2326 3149 2404 3208 Et
2432 3151 2719 3211 accedens
2748 3153 2838 3212 ihs

2267 3244 2496 3303 locutus
2529 3246 2720 3329 estxeis

2267 3337 2467 3396 dicens
2490 3370 2504 3384 ·
2569 3343 2606 3402 †
2629 3339 2763 3398 data

1345 3460 1482 3502 ecce
1505 3444 1742 3520 quidam
1764 3446 1836 3506 de
1864 3457 2028 3506 custo
2071 3435 2220 3484 ΡΜ
2263 3441 2351 3490 est
2376 3431 2517 3499 mihi
2545 3433 2739 3492 omnis

1347 3536 1517 3596 dibus
1544 3550 1825 3600 uenerunt
1850 3541 1911 3599 in

1347 3629 1635 3691 ciuitatem
1662 3643 1719 3691 et
1747 3634 1940 3693 nuntia

1348 3736 1555 3784 uerunt
1582 3727 1825 3806 principi

1348 3819 1458 3877 bus
1486 3820 1882 3880 sacerdotum·

1348 3913 1547 3971 omnia
1556 3914 1867 3989 quaefacta
1876 3926 2012 3976 sunt
2032 3947 2045 3962 ·

1348 4003 1391 4038 ²²
1399 4003 1475 4063 Et
1482 4009 1816 4083 congregati
1835 4027 1970 4067 cum
1986 4027 2047 4068 se

1350 4100 1605 4158 nioribus
1633 4101 1873 4160 consilio

1349 4204 1591 4269 accepto
1620 4195 1915 4271 pecunia-

1350 4288 1591 4346 multam
1619 4288 1900 4347 dederunt

1350 4380 1623 4440 militibus
1704 4381 1747 4415 ¹⁸
1764 4381 2021 4442 dicentes

2267 3535 2526 3602 potestas
2553 3527 2615 3585 in
2642 3527 2806 3586 caelo

2268 3626 2326 3677 et
2353 3618 2414 3676 in
2441 3629 2591 3678 terra
2609 3651 2624 3666 ·

2267 3708 2312 3744 ¹⁹
2329 3711 2554 3772 Euntes
2582 3731 2723 3790 ergo
2751 3713 2901 3775 doce

2268 3813 2325 3862 te
2351 3823 2560 3865 omnes
2587 3817 2792 3883 gentes

2269 3897 2626 3974 baptizantes
2652 3919 2754 3959 eos
2773 3932 2788 3948 ·

2268 3991 2330 4048 in
2356 3994 2594 4052 nomine
2622 3995 2802 4071 patris
2822 4025 2837 4042 ·

2267 4093 2326 4143 et
2353 4085 2466 4142 fili·
2528 4096 2586 4145 et
2615 4093 2716 4163 sps
2745 4089 2828 4147 sci
2851 4121 2866 4136 ·

2269 4175 2630 4240 ¹⁰Docentes
2657 4199 2760 4241 eos
2789 4200 2882 4241 ser

2269 4290 2408 4331 uare
2436 4275 2634 4332 omnia
2661 4293 2813 4350 quae

2269 4383 2521 4443 cumque
2550 4368 2827 4428 mandaui

2594 4463 2762 4521 uobis

3002 2599 3033 2633 *
3055 2608 3105 2660 1.
3141 2603 3159 2636 ¹
3177 2603 3249 2662 In
3276 2605 3564 2682 principio

3001 2699 3033 2732 ⁴²
3053 2707 3176 2756 erat
3202 2700 3450 2756 uerbum
3472 2730 3487 2745 ·

3003 2788 3033 2821 ¹*
3052 2798 3110 2848 et
3135 2792 3380 2849 uerbum
3410 2800 3532 2850 erat

3001 2882 3033 2916 *¹
3052 2885 3208 2960 apud
3237 2883 3337 2943 (ἰῶ
3360 2916 3375 2931 ·
3435 2895 3492 2945 et
3520 2885 3590 2946 ds

3001 2974 3032 3008 *
3051 2986 3174 3036 erat
3201 2979 3446 3037 uerbum
3469 3010 3484 3026 ·

3000 3068 3030 3102 *
3050 3067 3201 3129 ’hoc
3232 3081 3356 3130 erat
3381 3073 3442 3130 in
3470 3073 3602 3148 prin

2999 3160 3029 3196 *
3051 3164 3203 3240 cipio
3233 3165 3390 3241 apud
3418 3166 3518 3224 din
3541 3198 3556 3213 ·

3049 3257 3072 3290 ⁸
3088 3259 3290 3317 omnia
3316 3278 3420 3335 per
3447 3262 3639 3337 ipsum

3050 3351 3201 3410 facta
3229 3364 3364 3411 sunt
3424 3364 3480 3413 et
3509 3356 3631 3414 sine

3051 3445 3150 3505 illo
3177 3446 3394 3505 factum
3413 3458 3503 3508 est
3529 3448 3670 3507 nihil

3053 3539 3218 3616 quod
3244 3539 3460 3598 factum
3485 3552 3575 3601 est

3050 3632 3150 3689 ‘in
3177 3650 3250 3692 eo
3277 3634 3394 3693 uita
3421 3644 3547 3695 est·
3611 3644 3670 3695 et
3695 3636 3756 3694 ui

3051 3735 3112 3784 ta
3138 3738 3260 3786 erat
3284 3726 3383 3784 lux
3413 3729 3720 3787 hominu*-

3053 3819 3078 3853 ⁸
3093 3832 3152 3880 et
3178 3820 3277 3879 lux
3305 3820 3459 3880 lucet
3486 3822 3548 3881 in
3573 3831 3706 3881 tene

3053 3914 3173 3973 bris
3229 3924 3287 3974 et
3312 3916 3550 3975 tenebre

3054 4025 3192 4068 eum
3221 4027 3342 4068 non
3371 4027 3589 4087 eonpre

3054 4101 3379 4160 henderunt
3401 4133 3416 4148 ·
3448 4133 3463 4148 ·

3053 4195 3074 4227 ⁸
3092 4193 3223 4253 Fuit
3251 4196 3431 4254 homo
3460 4195 3672 4259 missus

3051 4304 3087 4346 a
3117 4288 3194 4347 d6
3224 4290 3316 4347 cui
3345 4307 3562 4349 nomen
3587 4308 3623 4350 e

3049 4390 3138 4440 rat
3167 4382 3451 4442 iohannes

3390 4509 3430 4552 G
