4373 5048
725 373 807 421 12

458 544 699 597 170183.
746 533 809 592 in
836 533 1150 611 synagogis
1178 539 1320 593 eort'r
1338 558 1353 573 ·

747 639 804 688 et
831 628 1140 706 predicans
1168 646 1321 687 euan

746 723 963 800 gelium
992 722 1157 799 regni
1180 749 1195 763 ·
1254 721 1333 780 Et

748 835 961 877 curans
990 834 1231 877 omnem

747 914 1098 989 languorem
1126 920 1185 970 et

750 1024 991 1067 omnem
1017 1004 1231 1064 infirmi

749 1110 931 1161 tatem
950 1126 963 1141 ·
1024 1098 1303 1157 ³⁶Uidens

752 1206 946 1255 autem
974 1194 1172 1253 turbas

749 1290 1017 1349 misertus
1046 1298 1133 1347 est
1165 1285 1263 1346 illo

746 1402 879 1443 rum
908 1382 1069 1460 quod
1097 1389 1313 1441 essent·

746 1478 972 1538 uexati·
1013 1488 1071 1535 et
1097 1477 1263 1535 iacen

750 1584 840 1634 tes
875 1574 1021 1632 sicut
1048 1588 1192 1630 oues

747 1686 871 1728 non
898 1667 1180 1725 habentes

752 1772 1047 1839 pastorem
1073 1791 1085 1804 ·
1110 1792 1122 1805 ·

748 1854 793 1887 ⁸⁷
805 1854 981 1913 Tunc
1004 1851 1142 1912 dicit
1168 1850 1316 1910 disci

746 1947 898 2025 pulis
926 1947 1045 2005 suis
1114 1961 1242 2002 mes

751 2041 833 2100 sis
861 2039 1098 2117 quidem
1124 2036 1247 2095 mul

746 2143 808 2192 ta
881 2131 1127 2209 operarii
1152 2148 1229 2189 au

747 2238 867 2287 tem
894 2227 1100 2305 pauci·
1165 2224 1365 2301 ⁸8roga

750 2331 806 2383 te
841 2322 983 2380 dfim
1011 2320 1187 2380 mesis

748 2559 813 2609 ut
838 2549 1025 2609 mittat
1052 2565 1232 2625 opera

746 2645 864 2704 rios
890 2644 951 2702 in
980 2661 1232 2702 messem
1261 2647 1367 2700 sua
1390 2665 1405 2680 ·

746 2737 964 2799 10.¹Et
972 2737 1311 2800 conuocatis
1328 2735 1448 2795 duo

746 2833 941 2893 decim
970 2831 1264 2908 discipulis

748 2927 867 2986 suis
884 2953 898 2968 ·
962 2926 1121 2985 dedit
1150 2925 1257 2984 illis

743 3029 1093 3097 potestatem
1122 3019 1211 3094 spi

748 3113 963 3173 rituum
992 3114 1195 3170 inmun

744 3208 959 3267 dorum
989 3217 1055 3265 ut
1080 3205 1205 3265 eice

742 3310 873 3360 rent
900 3317 1002 3360 eos
1021 3329 1035 3344 ·
1098 3309 1155 3358 et
1181 3315 1257 3357 cu

741 3405 935 3455 rarent
963 3411 1203 3453 omnem

739 3489 1076 3566 languorem
1104 3497 1161 3546 et
1188 3503 1287 3546 om

745 3603 886 3645 nem
912 3583 1289 3642 infirmitate*
1308 3607 1321 3620 ·
1339 3606 1352 3619 ·
1374 3607 1389 3623 ·

742 3678 1104 3740 ’Duodecim
1132 3686 1331 3737 autem

741 3773 1143 3850 apostolorum
1171 3790 1251 3831 no

741 3867 905 3926 mina
934 3875 1068 3925 sunt
1096 3865 1241 3925 haec
1268 3898 1281 3912 ·
1302 3897 1318 3912 ·

741 3960 967 4020 Primus
994 3961 1185 4019 simon
1215 3959 1316 4035 qui

740 4056 949 4115 dicitur
978 4065 1203 4130 petrus·

740 4148 819 4208 Et
847 4148 1093 4207 andreas
1116 4147 1288 4206 frater

740 4243 897 4302 eius·
956 4241 1239 4300 ³Iacobus
1266 4259 1334 4300 ze

738 4337 905 4396 bedei
932 4347 991 4396 et
1017 4335 1299 4395 iohannes

2100 362 2339 425 SECD
2363 393 2378 411 ·

1504 532 1674 592 frater
1700 532 1823 593 eius
1847 558 1859 572 ·
1922 534 2043 612 filip

1504 645 1615 705 pus
1647 638 1705 688 et
1732 627 2002 690 bat-tholo

1504 739 1701 781 meus·
1762 733 1821 781 et
1849 722 2069 783 matthe

1505 834 1575 875 us
1601 816 1944 893 puplicanus
1970 849 1983 865 ·

1504 910 1746 969 iacobus
1775 909 1903 970 alfei
1928 938 1939 953 ·
2005 921 2065 972 et

1504 1004 1672 1065 iudas
1696 1004 1910 1065 zelotes
1936 1016 1995 1065 et

1505 1098 1771 1159 thomas·
1815 1101 1905 1158 ⁴et
1933 1100 2124 1161 simon

1506 1211 1803 1253 cananeus
1822 1220 1835 1235 ·
1880 1204 1938 1253 et
1963 1194 2023 1253 iu

1508 1288 1613 1348 das
1643 1289 1889 1349 scariota
1916 1290 2014 1365 qui

1503 1382 1733 1441 tradidit
1760 1401 1895 1442 eum
1920 1418 1933 1433 ·

1503 1476 1671 1536 ⁸Hos
1700 1477 2008 1537 duodecim
2036 1478 2116 1535 mi

1505 1571 1575 1629 sit
1602 1570 1723 1629 ihs·
1768 1572 1964 1647 praeci

1504 1666 1672 1741 piens
1700 1664 1785 1723 eis
1808 1674 1867 1723 et
1894 1664 2097 1723 dicens
2120 1690 2133 1704 ·

1503 1759 1563 1817 in
1590 1760 1746 1817 uiam
1775 1759 2033 1834 gentium

1505 1871 1579 1911 ne
1609 1853 1855 1911 abieritis
1911 1863 1969 1912 et

1504 1946 1567 2004 in
1594 1946 1823 2005 ciuitate
1854 1964 2019 2005 sama

1504 2041 1823 2100 titanorum
1854 2059 1927 2099 ne

1499 2134 1839 2193 intraueritis
1860 2170 1872 2183 ·

1504 2228 1653 2289 ‘Sed
1680 2228 1871 2306 potius
1897 2228 1973 2287 ite
2002 2229 2075 2287 ad
2105 2248 2143 2289 o

1498 2341 1605 2381 ues
1632 2322 1885 2399 perditas
1912 2322 1993 2381 do

1504 2566 1634 2608 mus
1660 2548 1733 2607 isi
1810 2548 2043 2610 *euntes
2072 2567 2147 2610 au

1501 2653 1620 2702 tem
1648 2643 1942 2720 predicate
1967 2671 1979 2683 ·

1498 2737 1759 2796 dicentes
1787 2737 1923 2813 quia
1952 2736 2029 2796 ad

1497 2830 1910 2908 propinquauit

1498 2943 1743 3001 regnum
1771 2925 2042 2985 caeloru*
2062 2951 2075 2966 ·

1498 3018 2030 3078 ‘Infirmos-curate

1500 3122 1761 3172 mortuos
1789 3113 2003 3172 suscita

1500 3217 1591 3265 te·
1634 3205 1895 3280 leprosos
1924 3224 2065 3264 mun

1500 3299 1667 3358 date·
1709 3299 1986 3360 demonia

1497 3393 1663 3452 eicite
1684 3429 1697 3443 ·
1740 3395 1917 3469 gratis

1498 3489 1802 3564 accepistis
1822 3515 1834 3528 ·
1880 3489 2055 3564 gratis

1496 3582 1668 3642 date·
1729 3582 1964 3642 ⁹Nolite

1497 3677 1794 3754 possidere
1824 3691 2011 3737 auru-
2032 3706 2045 3720 ·

1497 3788 1689 3848 neque
1718 3783 2023 3849 argentum
2044 3799 2058 3812 ·

1496 3884 1687 3942 neque
1716 3871 2029 3943 pecuniam

1494 3961 1557 4017 in
1586 3962 1749 4019 zonis
1778 3963 1982 4020 uestris

1492 4053 1687 4113 ¹⁰Non
1715 4073 1915 4131 peram
1945 4058 2007 4115 in
2035 4057 2162 4115 uia·

1495 4165 1685 4224 neque
1716 4147 1862 4208 duas
1891 4151 2015 4208 tuni

1494 4257 1627 4299 cas·
1673 4259 1865 4318 neque
1893 4243 2040 4304 calci

1494 4346 1727 4395 amenta
1744 4372 1759 4386 ·
1801 4355 1992 4414 neque

2307 535 2537 612 uirgam
2563 532 2625 592 in
2653 535 2922 595 manibus
2941 558 2954 573 ·

2309 629 2520 705 dignus
2547 637 2638 687 est
2662 629 2822 687 enim

2310 722 2607 798 operarius
2633 739 2759 781 mer

2309 816 2453 875 cede
2481 833 2620 875 sua·
2683 814 2724 847 ¹¹
2737 816 2796 873 in
2826 833 2944 893 qua

2307 926 2560 985 cumque
2586 908 2782 967 ciuitte

2308 1014 2408 1062 aut
2435 1002 2671 1063 castello
2696 1003 2757 1060 in

2305 1096 2585 1155 traueritis
2601 1120 2616 1134 ·
2661 1096 2722 1154 in

2306 1198 2589 1265 terrogate
2619 1190 2748 1267 quis

2307 1285 2366 1341 in
2393 1303 2464 1343 ea
2493 1284 2705 1360 dignus
2731 1292 2819 1342 est
2837 1309 2851 1324 ·

2307 1388 2365 1437 et
2393 1378 2470 1435 ibi
2497 1388 2728 1437 manete
2757 1376 2835 1437 do

2309 1491 2417 1531 nec
2445 1473 2666 1531 exeatis
2686 1510 2699 1523 ·
2763 1469 2876 1529 ¹²in

2307 1575 2522 1624 trantes
2549 1576 2744 1623 autem

2307 1660 2367 1718 in
2396 1659 2638 1718 domum
2699 1659 2826 1718 salu

2307 1762 2523 1813 tateam
2551 1753 2814 1813 dicentes
2835 1780 2848 1793 ·

2305 1864 2422 1923 pax
2453 1846 2586 1905 huic
2616 1847 2817 1906 domui
2845 1874 2859 1887 ·

2307 1940 2348 1972 ¹³
2366 1952 2422 1999 et
2451 1940 2495 1998 si
2525 1939 2690 1999 fuerit
2717 1942 2928 2002 domus

2305 2033 2399 2092 illa
2426 2033 2634 2110 digna·
2677 2037 2814 2094 ueni

2305 2140 2364 2187 et
2392 2146 2507 2206 pax
2540 2138 2731 2187 uestra
2757 2148 2828 2190 su

2307 2241 2412 2299 per
2440 2240 2604 2281 eam·
2651 2224 2698 2281 si
2727 2230 2858 2283 aute

2306 2335 2429 2376 non
2458 2316 2622 2375 fuerit
2649 2317 2827 2393 digna

2303 2429 2422 2488 pax
2449 2420 2644 2470 uestra
2671 2411 2745 2471 ad
2773 2430 2882 2471 uos

2303 2555 2654 2602 reuertetur·
2714 2543 2844 2605 ¹⁴Et

2304 2640 2657 2716 quicumque
2686 2658 2808 2699 non

2305 2731 2570 2808 reciperit
2595 2749 2707 2790 uos
2735 2751 2843 2792 nec

2304 2826 2546 2885 audierit
2573 2843 2766 2886 sermo

2305 2937 2409 2978 nes
2436 2930 2697 2979 uestros·
2743 2939 2815 2980 ex

2303 3025 2508 3074 euntes
2535 3014 2692 3072 foras
2720 3015 2794 3074 de

2304 3109 2486 3168 domo
2509 3138 2524 3155 ·
2579 3109 2674 3167 uel
2701 3109 2870 3170 ciuita

2304 3212 2359 3262 te
2379 3229 2392 3243 ·
2437 3203 2686 3261 excutite
2716 3203 2817 3280 pul

2301 3314 2502 3356 uerem
2536 3296 2607 3356 de
2636 3297 2880 3373 pedibus

2303 3392 2510 3450 uestris
2528 3422 2542 3437 ·
2621 3389 2870 3452 ¹⁵Amen

2303 3485 2434 3543 dico
2463 3485 2632 3546 uobis
2656 3516 2671 3532 ·
2715 3488 2828 3547 tole

2303 3578 2537 3638 rabilius
2566 3583 2670 3641 erit
2700 3593 2784 3640 ter

2302 3691 2400 3731 rae
2431 3673 2813 3736 sodomorum

2303 3775 2362 3824 et
2388 3784 2830 3843 gomorreorum

2303 3859 2363 3917 in
2392 3861 2484 3919 die
2513 3862 2708 3922 iudicii
2745 3882 2924 3941 quam

2304 3953 2516 4012 ciuitati
2544 3955 2625 4014 illi
2644 3984 2657 3996 ·
2681 3983 2764 4010 ψ,

2385 4072 2468 4102 *f*
2571 4076 2654 4103 O*
2762 4078 2845 4105 O*

2264 4139 2510 4201 *¹⁶Ecce
2542 4161 2654 4220 ego
2680 4145 2853 4205 mitto

2263 4237 2407 4294 *uos
2434 4237 2581 4297 sicut
2607 4258 2646 4298 o

2261 4331 2401 4388 *ues
2429 4331 2488 4388 in
2516 4333 2710 4392 medio

2260 4420 2632 4501 *luporum··
2696 4427 2842 4488 Esto

3337 374 3454 439 [IX.
3482 380 3654 443 35—X.
3681 393 3768 444 ²³·

3045 546 3100 595 te
3129 554 3274 615 ergo
3303 538 3619 615 prudentes

3065 630 3213 690 sicut
3240 643 3538 710 serpentes
3557 658 3572 673 ·

3064 733 3121 782 et
3150 725 3440 801 simplices
3468 724 3617 787 sicut

3064 818 3372 877 columbae
3399 845 3412 859 ·
3471 818 3683 880 ¹⁷Aten

3063 911 3178 970 dite
3207 922 3402 971 autem
3427 916 3598 973 uobis

3062 1007 3138 1064 ab
3167 1004 3529 1066 hominibus·

3062 1098 3324 1159 Tradent
3351 1102 3506 1159 enim
3533 1118 3643 1161 uos

3061 1192 3122 1250 111
3151 1194 3408 1253 conciliis
3431 1220 3444 1233 ·
3489 1204 3547 1253 et
3573 1195 3636 1253 in

3061 1287 3374 1363 synagogis
3402 1288 3520 1347 suis

3057 1379 3430 1455 flagellabunt
3455 1398 3564 1440 uos

3058 1472 3102 1506 ¹⁸
3111 1474 3188 1532 Et
3217 1474 3374 1551 apud
3390 1493 3557 1551 reges
3574 1485 3631 1534 et
3653 1494 3762 1553 pre

3061 1568 3214 1626 sides
3237 1568 3456 1629 stabitis
3484 1582 3624 1647 prop

3063 1672 3148 1721 ter
3175 1680 3271 1721 me
3331 1662 3392 1720 in
3425 1664 3556 1721 testi

3063 1756 3326 1815 monium
3355 1755 3463 1815 illis
3520 1767 3578 1814 et

3062 1851 3367 1927 gentibus·
3396 1883 3409 1896 ·
3453 1849 3662 1911 ¹'Cum

3062 1953 3256 2004 autem
3283 1944 3512 2004 tradent

3059 2056 3200 2099 uos·
3246 2040 3420 2099 nolite
3450 2040 3582 2117 cogi

3061 2142 3182 2191 tare
3210 2133 3512 2209 quomodo

3063 2236 3161 2285 aut
3189 2225 3330 2302 quid
3355 2226 3415 2286 lo

3063 2320 3322 2396 quamini
3341 2346 3354 2360 ·
3398 2320 3628 2379 dabitur

3049 2413 3232 2473 -enim
3251 2414 3407 2472 0111111
3448 2416 3619 2473 uobis

3063 2546 3124 2604 111
3151 2545 3247 2604 illa
3274 2544 3418 2606 hora
3445 2546 3584 2622 quid

3060 2639 3378 2716 loquamini
3403 2667 3415 2679 ·
3478 2639 3656 2701 ⁵¹⁰non

3060 2735 3217 2794 enim
3243 2751 3352 2793 uos
3379 2735 3514 2793 estis

3060 2829 3157 2903 qui
3189 2827 3492 2904 loquimini
3511 2856 3524 2869 ·

3061 2921 3164 2980 sed
3195 2926 3294 2998 sps
3323 2923 3498 2999 patris
3524 2941 3630 2982 ues

3061 3017 3132 3075 tri
3203 3017 3301 3092 qui
3329 3017 3580 3092 loquitur

3059 3110 3120 3168 in
3147 3111 3345 3168 uobis·
3405 3109 3586 3170 21Τι’11.

3061 3204 3159 3264 (101
3187 3215 3382 3263 autem
3408 3204 3580 3264 frater

3061 3297 3295 3358 fratrem
3323 3299 3384 3357 in
3413 3317 3546 3359 mor

3059 3403 3214 3452 tem·
3257 3403 3316 3452 et
3343 3402 3505 3470 pater

3060 3487 3240 3545 filium
3267 3523 3280 3536 -
3325 3496 3382 3546 et
3411 3489 3568 3546 insur

3059 3591 3200 3656 gent
3229 3580 3330 3639 filii
3357 3581 3421 3639 in
3449 3599 3528 3658 pa

3059 3685 3285 3733 rentes.
3328 3685 3386 3733 et
3414 3693 3544 3735 mor

3061 3769 3102 3826 ti
3133 3787 3235 3828 eos
3264 3769 3535 3829 adficient
3556 3807 3569 3820 ·

3059 3860 3186 3921 ”Et
3216 3864 3368 3922 eritis
3395 3865 3534 3924 odio
3565 3882 3668 3924 om

3059 3958 3229 4017 nibus
3256 3969 3496 4036 propter

3058 4070 3279 4111 nomen
3308 4071 3506 4112 meum
3525 4084 3540 4099 ·

3058 4145 3177 4217 Qui
3204 4156 3398 4206 autem
3428 4167 3601 4225 perse

3054 4243 3340 4300 uerauerit
3366 4242 3426 4300 in
3461 4243 3500 4300 fi

3056 4353 3225 4392 nem·
3271 4335 3365 4395 hic
3395 4337 3592 4397 saluus

3054 4431 3195 4488 erit·
3260 4429 3303 4462 ²⁸
3317 4429 3468 4490 Cum
3499 4444 3694 4492 autem

3789 560 3916 609 Pol.
3939 561 4031 611 28.
