4373 5048
798 257 893 345 38

504 430 633 481 ¹¹01·
657 430 749 483 ⁷4·
794 430 841 464 ⁶⁰
856 428 1157 507 Principes
1186 434 1318 489 aute
1550 426 1631 488 Et
1658 430 1987 489 uenientem
2022 416 2105 490 su‘
2361 428 2405 463 ⁷⁸
2423 428 2564 490 Post
2593 426 2862 507 pusillum
3115 428 3476 507 principibus
3503 449 3667 491 sacer
3849 448 4003 499 ποι.
4029 451 4142 501 75.

792 524 1171 584 sacerdotum
1194 555 1210 572 ·
1274 534 1335 585 et
1550 540 1655 600 per
1681 526 1868 585 nubes
1897 525 2043 584 caeli
2071 555 2087 572 ·
2359 532 2554 582 autem
2582 522 2841 582 acceden
3111 522 3316 583 dotum
3345 536 3404 583 et
3431 526 3595 586 senio

788 618 1048 677 seniores
1072 650 1087 665 ·
1146 628 1205 678 et
1231 619 1332 677 uni
1549 616 1785 677 “Tunc
1813 620 2089 697 princeps
2118 636 2185 679 sa
2357 624 2444 675 tes
2471 616 2571 693 qui
2599 616 2829 675 stabant
3107 616 3268 677 ribus
3325 619 3347 651 ⁴
3364 618 3564 678 dicens
3588 651 3602 666 ·
3663 638 3778 698 pec

786 728 1021 771 uersum
1052 712 1301 771 concilifi
1323 742 1340 759 ·

786 805 1108 881 querebant
1138 804 1285 865 falsu

784 898 1180 957 testimonium

781 1002 989 1051 contra
1016 991 1137 1049 ihm
1204 1002 1269 1051 ut

782 1102 921 1144 eum
948 1084 1119 1143 morti
1146 1094 1237 1145 tra

781 1177 983 1239 derent
1043 1179 1088 1212 ⁶⁰
1104 1188 1160 1238 et
1181 1198 1305 1241 non

781 1272 1131 1333 inuenerunt
1154 1306 1167 1321 ·
1227 1273 1307 1332 Et

780 1366 947 1425 multi
972 1365 1100 1426 salsi
1128 1378 1306 1429 testes

779 1476 1133 1521 accesserun
1204 1472 1265 1523 et

778 1570 903 1613 non
930 1554 1279 1616 inuenerunt
1300 1586 1317 1603 ·

778 1644 1115 1707 Nouissime
1142 1658 1338 1707 autem

776 1740 1123 1801 accedentes
1152 1742 1270 1802 duo

776 1831 904 1893 salsi
935 1844 1113 1894 testes
1140 1834 1183 1868 ⁸¹
1202 1835 1344 1895 dixe

775 1936 913 1987 runt
934 1958 950 1975 ·
976 1958 991 1975 ·
1038 1927 1157 1987 Hic
1185 1927 1331 1987 dixit

774 2037 1019 2098 possum
1047 2020 1279 2081 destrue

772 2132 837 2173 re
864 2114 1147 2191 templum
1176 2115 1238 2174 di

772 2217 830 2267 et
857 2208 917 2267 in
946 2208 1137 2267 triduo
1159 2207 1301 2269 illud

770 2302 1158 2362 reaedificabo

2063 246 2506 321 SECUNDIJ
2520 287 2537 304 ·
2581 312 2584 316 .

1548 710 1855 771 cerdotum
1888 730 2005 771 con

1544 804 1715 863 scidit
1744 807 2025 866 uestimen

1540 907 1601 957 ta
1630 916 1735 957 sua
1759 899 1963 961 dicens
1986 931 2001 947 ·

1541 990 1907 1052 blasfemauit

1539 1083 1702 1158 Quid
1730 1086 1919 1146 adhuc
1945 1104 1979 1146 e

1540 1196 1747 1255 gemus
1777 1181 2015 1240 testibus
2035 1212 2051 1228 ·

1538 1269 1699 1332 Ecce
1728 1291 1886 1334 nunc
1916 1274 2081 1334 audis

1539 1366 1614 1425 tis
1650 1366 2002 1427 blasfemia-

1536 1460 1659 1519 eius
1678 1490 1693 1506 ·
1757 1460 1953 1537 “quid
1981 1458 2148 1522 uob¹s

1536 1552 1763 1612 uidetur
1784 1584 1800 1601 ·
1864 1570 1921 1614 at
1948 1554 2025 1613 illi

1534 1648 1952 1723 respondentes

1538 1740 1807 1801 dixerunt
1835 1760 1970 1802 reus

1534 1844 1621 1893 est
1649 1834 1823 1895 morti
1841 1867 1855 1882 ·
1901 1836 1947 1869 ‘²
1961 1845 2101 1897 tunc

1534 1939 1858 2004 expuerunt
1878 1930 1937 1988 in
1964 1929 2023 1989 sa

1534 2020 1687 2081 ciem
1715 2022 1839 2083 eius
1867 2034 1924 2083 et
1952 2042 2025 2083 co

1531 2112 1713 2193 laphis
1739 2135 1876 2176 eum
1904 2117 2101 2178 cecide

1532 2219 1666 2267 runt
1687 2240 1702 2255 ·
1762 2210 1855 2268 alii
1882 2216 2015 2270 aute

1530 2302 1756 2379 palmas
1783 2304 1843 2364 in
1864 2304 2072 2365 faciem

2358 710 2622 770 dixerunt
2647 722 2814 785 petro
2835 740 2850 757 ο

2353 821 2488 863 uere
2516 823 2587 863 ex
2605 802 2714 862 illis
2740 822 2803 863 es
2830 814 2893 863 tu

2351 896 2584 958 Etenim
2612 896 2864 975 loquella
2893 962 2904 971 ,

2351 1000 2451 1051 tua
2476 990 2786 1051 manifestii

2350 1094 2406 1143 te
2435 1084 2569 1143 facit
2586 1116 2601 1131 ·
2652 1085 2699 1118 ⁷⁴
2716 1083 2890 1145 Tunc

2348 1179 2540 1255 coepit
2565 1178 2778 1239 deuota

2349 1290 2410 1330 re
2439 1289 2502 1329 se
2531 1281 2589 1331 et
2617 1273 2807 1332 iurare
2829 1303 2844 1319 ·

2349 1363 2528 1437 Quod
2559 1384 2680 1425 non
2708 1366 2846 1427 noui
2873 1365 2954 1427 ho

2347 1458 2566 1517 minem
2589 1490 2604 1505 ·
2665 1469 2724 1517 et
2749 1477 2866 1519 con

2347 1552 2508 1613 tinuo
2534 1552 2718 1629 gallus
2745 1572 2858 1612 can

2346 1646 2488 1705 tauit
2505 1677 2520 1692 ·
2577 1646 2622 1679 ⁷⁸
2638 1646 2717 1705 Et
2743 1664 2902 1705 reme

2345 1748 2603 1799 moratus
2629 1750 2716 1799 est
2744 1759 2820 1817 pe

2343 1841 2464 1891 trus
2492 1834 2653 1891 uerbi
2681 1834 2782 1893 ihu

2343 1926 2666 1987 dicentisibi
2685 1959 2699 1974 -
2758 1926 2908 2003 qu⁰d

2343 2021 2680 2097 priusquam
2709 2022 2804 2099 gal

2343 2112 2433 2173 lus
2461 2124 2655 2173 cantet
2713 2124 2800 2174 ter

2341 2224 2435 2267 me
2465 2209 2708 2285 negabis
2730 2240 2745 2255 ·
2806 2218 2866 2269 et

2337 2318 2604 2379 egressus
2629 2301 2784 2363 foras

3153 266 3368 332 [XXVI.
3391 273 3715 337 59-xxvn.
3743 288 3830 326 ιο.

3109 711 3238 769 caui
3266 712 3426 787 quod
3455 713 3599 772 tradi

3108 803 3290 862 derim
3319 806 3601 883 sanguine

3107 897 3322 956 iustum
3342 930 3357 945 ·
3424 899 3504 958 At
3529 899 3608 958 illi

3107 988 3373 1050 dixerunt
3393 994 3534 1070 quid
3560 994 3640 1053 ad

3105 1101 3216 1144 nos
3243 1094 3304 1143 tu
3330 1087 3543 1147 uideris
3561 1120 3576 1135 ·

3105 1175 3128 1210 ⁸
3145 1176 3220 1236 Et
3247 1180 3516 1256 proiectis
3541 1201 3725 1261 arg-en

3103 1270 3208 1331 teis
3236 1272 3296 1331 in
3325 1274 3546 1351 templo
3568 1308 3583 1323 ·
3643 1296 3706 1337 se

3101 1366 3273 1424 cessit
3293 1396 3309 1411 ·
3373 1366 3451 1426 Et
3478 1370 3680 1431 abiens

3099 1456 3308 1535 laqueo
3337 1478 3401 1520 se
3423 1480 3640 1539 suspen

3099 1552 3182 1612 dit
3204 1585 3219 1599 ·
3263 1554 3283 1587 ⁶
3299 1552 3600 1634 Principes

3095 1655 3290 1706 autem
3317 1650 3624 1711 sacerdotii
3654 1684 3670 1699 ·

3094 1740 3372 1817 Acceptis
3399 1755 3636 1820 argente

3092 1834 3142 1892 is
3170 1833 3438 1894 dixerunt
3461 1869 3474 1884 ·
3533 1856 3654 1897 non

3093 1926 3224 1987 licet
3251 1928 3545 1990 mittereos

3092 2020 3153 2079 in
3181 2022 3401 2081 corban
3429 2024 3566 2099 quia

3091 2115 3339 2191 pretium
3369 2118 3576 2194 sangui

3093 2209 3185 2267 nis
3213 2218 3302 2267 est
3318 2241 3333 2256 ·
3385 2211 3408 2243 ⁷
3426 2211 3686 2273 Consilio

3092 2312 3288 2361 autem
3316 2315 3558 2382 accepto

2338 2434 2694 2493 amarissime
2723 2434 2822 2511 plo
3089 2434 3238 2493 inter
3267 2453 3330 2495 se
3399 2448 3666 2499 emerunt

2337 2557 2352 2574 ·
2380 2558 2429 2574 ··
2461 2528 2608 2586 rauit
2633 2561 2645 2575 ·
2667 2561 2682 2576 ·
2709 2561 2722 2576 ·
2747 2554 2828 2580 m
3088 2547 3293 2606 agrum
3324 2530 3483 2608 figuli
3510 2532 3570 2592 in

2303 2618 2440 2682 ³¹27.
2482 2618 2503 2653 ²
2523 2622 2702 2682 Mane
2731 2633 2924 2682 autem
2947 2621 3036 2682 fac
3090 2623 3381 2698 sepultura
3413 2644 3555 2702 pere

2301 2699 2397 2773 *to
2419 2744 2432 2761 ·
2494 2715 2800 2776 consilium
3087 2716 3382 2792 grinorum
3407 2750 3422 2764 ·
3467 2719 3488 2751 ⁸
3506 2738 3654 2799 prop

2299 2806 2686 2886 *acceperunt
2707 2841 2722 2856 ·
2789 2827 2891 2869 om
3090 2818 3175 2869 ter
3203 2808 3316 2870 hoc
3347 2825 3590 2872 uocatus

1531 2433 1587 2495 ei
1613 2433 1899 2497 dederunt
1960 2435 2193 2497 “dicen

1528 2539 1617 2589 tes
1640 2559 1655 2576 ·
1714 2529 1989 2606 profetiza

1524 2623 1695 2683 nobis
1721 2629 1839 2700 xpe

1524 2718 1656 2795 quis
1684 2727 1740 2777 te
1768 2717 2021 2794 percusit
2043 2749 2060 2765 ·

1522 2811 1566 2845 ⁶⁸
1585 2811 1793 2871 Petrus
1821 2829 1961 2872 uero
1991 2812 2128 2871 sede

768 2432 814 2469 ⁶⁸
830 2434 909 2495 Et
936 2452 1180 2514 surgens
1206 2434 1339 2514 prin

768 2549 911 2610 ceps
941 2532 1248 2592 sacerdotii

768 2625 846 2685 ait
872 2625 949 2684 illi
974 2657 989 2672 ·
1048 2626 1194 2685 nihil
1218 2645 1309 2687 res

766 2720 979 2797 pondis
1008 2720 1084 2780 ad
1112 2738 1183 2780 ea
1210 2739 1363 2798 quae

766 2814 857 2872 isti
886 2814 1164 2874 aduersus
1194 2825 1250 2875 te

766 2907 1143 2967 testificantur
1165 2938 1182 2954 ·
1520 2903 1620 2964 bat
1648 2904 1789 2964 foris
1818 2905 1877 2963 in
1906 2905 2053 2965 atrio
2078 2937 2093 2952 ·
2300 2899 2440 2962 *nes
2466 2904 2762 2983 principes
3085 2911 3174 2961 est
3201 2921 3340 2980 ager
3370 2904 3464 2965 ille
3525 2907 3654 2966 acel

764 2999 808 3034 ‘⁸
824 3000 926 3060 Ihs
954 3010 1151 3060 autem
1176 3001 1407 3062 tacebat
1424 3033 1441 3050 ·
1518 2996 1597 3057 Et
1625 3001 1871 3059 accessit
1899 3000 1973 3059 ad
2003 3017 2140 3060 eum
2298 2994 2704 3058 *sacerdotum
2731 3007 2790 3058 et
3085 2997 3260 3056 dema
3282 3028 3297 3044 ·
3357 2999 3524 3074 quod
3551 3011 3638 3061 est

762 3091 840 3151 Et
863 3093 1227 3170 respondens
1519 3110 1639 3152 una
1665 3093 1873 3153 ancilla
1901 3093 2102 3153 dicens
2125 3126 2139 3143 ·
2297 3089 2588 3152 *seniores
2614 3091 2800 3168 plebis
3083 3109 3222 3168 ager
3250 3093 3544 3170 sanguinis

760 3186 1033 3264 princeps
1062 3204 1225 3246 sacer
1521 3183 1597 3243 Et
1626 3195 1688 3245 tu
1717 3205 1845 3246 eras
1875 3205 2013 3246 cum
2041 3186 2143 3246 ihu
2322 3185 2600 3244 aduersus
2627 3185 2749 3243 ihm
2766 3217 2781 3232 ·
3081 3201 3265 3261 usque
3293 3187 3354 3244 in
3374 3183 3648 3248 hodierna

762 3279 965 3346 dotum
995 3280 1074 3340 ait
1102 3279 1181 3339 illi
1204 3311 1267 3328 ο-
1519 3278 1730 3356 galileo
1748 3309 1763 3326 ·
1806 3279 1851 3313 '²⁰
1861 3280 1939 3339 At
1964 3279 2057 3340 ille
2322 3289 2386 3338 ut
2411 3297 2549 3338 eum
2581 3280 2753 3338 morti
2779 3288 2866 3338 tra
3080 3278 3235 3336 diem
3260 3310 3274 3325 ·
3301 3309 3316 3325 ·
3376 3279 3399 3313 ⁹
3418 3278 3592 3341 Tunc
3619 3300 3681 3342 re

3079 3372 3300 3450 pletum
3325 3383 3413 3433 est
3440 3375 3600 3452 quod

3079 3467 3296 3526 dictum
3324 3477 3412 3527 est
3432 3487 3537 3546 per

3077 3560 3417 3620 hieremiam
3443 3580 3555 3638 pro

3075 3653 3253 3714 fetam
3281 3655 3574 3716 dicentem
3597 3688 3613 3705 ·

3073 3748 3153 3807 Et
3180 3751 3516 3827 acciperunt
3544 3752 3616 3812 tri

3073 3843 3234 3919 ginta
3262 3855 3573 3920 argenteos
3597 3877 3612 3894 ·

3072 3937 3360 4013 praetium
3393 3938 3612 4016 adprae

3069 4030 3191 4090 tiati
3259 4029 3419 4108 quod
3447 4033 3666 4110 adprae

3071 4125 3358 4184 tiauerunt
3387 4145 3422 4185 a
3451 4125 3530 4185 fili

3068 4220 3118 4279 is
3146 4219 3217 4278 isi
3235 4251 3248 4266 ·
3293 4217 3338 4252 ¹⁰
3355 4230 3412 4279 et
3438 4220 3722 4280 dederunt

3071 4331 3174 4374 eos
3201 4313 3260 4371 in
3291 4331 3495 4391 agrum
3526 4315 3684 4392 figuli
3707 4349 3721 4363 -
3767 4369 3782 4384 ,

2325 3372 2529 3432 derent
2553 3403 2566 3418 ·
2609 3370 2632 3403 ⁸
2659 3382 2718 3432 et
2746 3373 2884 3434 uine

2323 3476 2448 3526 tum
2477 3484 2616 3526 eum
2643 3466 2875 3526 adduxe

2322 3569 2456 3619 runt
2482 3559 2737 3619 etradide

2320 3663 2455 3712 runt
2481 3653 2685 3731 pontio
2712 3651 2830 3731 pila.

2320 3757 2381 3808 to
2409 3747 2623 3825 presidi
2647 3778 2662 3793 ·
2692 3779 2777 3792 --

2317 3842 2338 3874 ⁸
2359 3840 2531 3900 Tunc
2561 3839 2766 3900 uidens
2795 3841 2962 3903 iudas

2318 3936 2417 4012 qui
2444 3953 2581 3995 eum
2610 3935 2841 3995 tradidit

2318 4035 2459 4108 qum
2489 4030 2799 4090 damnatus
2827 4040 2916 4090 est
2938 4061 2953 4077 ·

2315 4125 2628 4200 penitentia
2655 4123 2864 4186 ductus
2891 4155 2904 4172 ·

2312 4219 2503 4277 retulit
2525 4219 2756 4296 triginta

2313 4322 2622 4390 argenteos
2865 4309 2874 4316 ’

1505 3373 1755 3448 negauit
1776 3390 1975 3432 coram
2005 3391 2105 3434 om

1517 3466 1689 3526 nibus
1718 3467 1917 3526 dicens
1936 3499 1950 3514 ·
2014 3487 2089 3528 ne

1518 3560 1644 3620 scio
1672 3561 1811 3637 quid
1840 3560 1981 3620 dicis
1999 3593 2014 3608 ·
2036 3593 2051 3608 ·

1515 3653 1560 3688 ἠ
1577 3654 1843 3714 Exeunte
1872 3666 2063 3716 autem
2092 3657 2190 3719 illo

1514 3747 1687 3808 ianua
1709 3780 1724 3796 ·
1784 3748 1945 3809 Uidit
1972 3749 2072 3811 illu

1513 3842 1625 3902 alia
1653 3842 1859 3902 ancilla
1886 3849 1944 3902 e't
1972 3845 2048 3903 ait

1510 3937 1595 3996 eis
1618 3967 1633 3984 ·
1698 3937 1777 3996 ibi
1796 3961 1809 3976 ·
1868 3946 1928 3996 et
1953 3937 2049 3996 hic
2070 3949 2194 3996 erat

1512 4048 1648 4090 cum
1676 4029 1774 4088 ihu
1804 4048 2094 4090 nazoreno
2116 4061 2131 4076 ·

1509 4123 1555 4158 ⁷⁸
1572 4124 1650 4183 Et
1674 4125 1881 4183 iterum
1908 4123 2143 4199 negauit

1508 4235 1645 4278 cum
1666 4218 1989 4276 iuramento
2012 4248 2027 4263 ·
2072 4218 2210 4294 quia

1506 4331 1626 4374 non
1655 4312 1793 4373 noui
1813 4310 2111 4372 hominem

760 3373 987 3434 Adiuro
1015 3384 1070 3434 te
1098 3393 1203 3452 per
1231 3373 1335 3434 ἀῶ

758 3467 962 3527 uiuum
985 3499 999 3514 ·
1045 3479 1110 3527 ut
1138 3487 1219 3528 no

756 3562 847 3620 bis
876 3561 1035 3622 dicas
1064 3563 1111 3622 si
1140 3571 1203 3621 tu
1228 3580 1294 3622 es

755 3659 869 3732 xps
897 3655 1045 3715 filius
1074 3656 1135 3715 di
1157 3686 1172 3702 ·

755 3748 975 3810 “Dicit
1000 3750 1077 3808 illi
1104 3750 1195 3810 ihs
1224 3761 1286 3811 tu
1314 3750 1415 3812 dix

755 3843 848 3902 isti
870 3875 885 3891 ·
946 3853 1147 3904 tamen
1176 3845 1234 3903 di

759 3955 834 3996 co
862 3938 1029 3998 uobis
1048 3969 1063 3984 ·
1124 3938 1363 4000 Amodo

752 4030 1021 4091 uidebitis
1048 4031 1217 4091 filiu·-

750 4124 1005 4185 hominis
1032 4125 1210 4185 seden

752 4227 874 4278 tem
902 4218 979 4279 ad
1006 4219 1259 4282 dextra-

750 4313 974 4374 uirtutis
992 4345 1007 4362 ·
