4373 5048
612 386 677 435 11.
698 386 901 451 51-111.
928 380 1032 447 25]

354 554 481 607 τοι.
497 558 587 608 91.
610 544 874 605 subditus
902 544 1014 604 illis

610 638 689 699 Et
714 650 901 698 mater
928 640 1055 698 eius
1084 655 1202 699 con

612 735 885 794 seruabat
910 734 1115 793 omnia

542 878 557 887 .
611 828 792 886 uerba
819 826 966 886 haec
997 828 1059 886 in
1086 844 1189 887 cor

613 920 687 981 de
718 938 827 980 suo
850 952 865 969 ·
910 917 955 954 ⁵¹
970 921 1051 980 Et
1073 921 1165 981 ihs
1192 938 1303 999 pro

614 1015 845 1075 ficiebat
866 1024 1053 1075 aetate

612 1118 673 1169 et
700 1110 988 1187 sapientia
1016 1117 1074 1168 et
1100 1126 1210 1186 gra

609 1203 693 1262 tia
721 1202 880 1279 apud
906 1202 1007 1260 dm
1034 1212 1093 1261 et
1120 1201 1201 1261 ho

695 1296 887 1357 mines
914 1320 1081 1350 Ν

554 1394 585 1431 *
614 1404 673 1463 8.
710 1399 923 1462 ²Anno
951 1413 1149 1462 autern
1175 1401 1319 1480 quin
1378 1444 1395 1471 ,
1416 1399 1439 1433 ⁸
1459 1409 1517 1458 et
1542 1399 1763 1458 uidebit
1787 1402 1983 1461 omnis
2008 1420 2083 1461 ca

1906 372 2263 437 LUCAN-

1372 588 1387 616 ,
1408 550 1609 621 parate
1635 541 1795 602 uiam
1822 542 1924 602 dni

1372 680 1389 709 ,
1409 647 1595 696 rectas
1626 636 1795 697 facite
1824 638 1972 697 semi

1371 776 1388 804 ,
1410 740 1499 790 tas
1520 730 1645 791 eius
1666 763 1681 778 ·
1724 731 1747 763 ⁶
1764 732 1959 792 omnis
1980 732 2075 790 ual

1372 868 1389 897 ,
1408 823 1481 884 lis
1567 825 1899 901 implebitur
1922 856 1935 871 ·

1372 962 1389 991 ‚
1412 926 1471 977 et
1498 920 1694 977 omnis
1720 936 1894 977 mons
1922 928 1981 979 et

1372 1056 1389 1083 ,
1409 1012 1574 1071 collis
1600 1011 1993 1071 humiliabitur
2012 1043 2027 1059 ·

1372 1150 1389 1179 ,
1410 1114 1469 1164 et
1495 1114 1667 1164 erunt
1690 1096 1875 1183 praua
1900 1107 1963 1164 in

1371 1244 1388 1272 ,
1412 1198 1697 1259 directum
1714 1230 1729 1245 ·
1772 1214 1831 1260 et
1858 1217 2000 1277 aspe

1366 1344 1385 1373 ‚
1411 1311 1475 1351 ra
1502 1292 1565 1351 in
1592 1294 1719 1351 uias
1746 1293 1953 1370 planas
1974 1327 1989 1341 ·

548 1490 579 1524 *
610 1504 671 1555 to
700 1495 933 1557 decimo
952 1498 1110 1575 impe
1170 1534 1269 1594 †de
1291 1534 1357 1585 ad
1376 1536 1391 1564 ‚
1410 1511 1477 1552 ro
1508 1493 1755 1554 salutare
1785 1493 1845 1552 di
1862 1500 1899 1559 †
1968 1494 1975 1503 '

611 1590 681 1647 rii
691 1590 857 1649 tiberi
867 1591 1117 1650 caesaris
1138 1622 1151 1636 ·
1171 1608 1323 1651 uento
1382 1587 1405 1620 ⁷
1421 1586 1678 1647 Dicebat
1702 1606 1845 1665 ergo
1873 1588 2052 1649 iohan

610 1694 961 1759 procurante
990 1702 1115 1760 pon

613 1776 695 1836 tio
723 1777 905 1855 pilato
934 1777 1168 1836 iudeam
1190 1806 1205 1822 ·

609 1870 933 1930 Tetrarcha
958 1883 1155 1929 autem

610 1963 854 2040 galileae
884 1964 1135 2023 constitu

610 2068 673 2119 to
701 2058 921 2117 herode
940 2090 956 2105 ·
1016 2058 1136 2135 filip

609 2170 690 2230 po
719 2160 916 2211 autem
944 2151 1117 2212 fratre

608 2244 755 2305 Eius
783 2246 1073 2306 tetrarcha.

610 2340 865 2401 ituraeae
921 2351 978 2400 et
1004 2350 1169 2401 traco

608 2470 807 2532 nitidis
834 2471 1092 2549 regionis
1112 2502 1127 2520 ·

609 2574 668 2626 et
694 2567 985 2644 lysanium
1012 2566 1202 2627 abilae

606 2677 719 2720 nae
748 2661 1031 2720 tetrarcha

614 2750 754 2812 ²sub
782 2755 1145 2832 principibus

607 2847 977 2908 sacerdotum
1004 2867 1163 2907 anna

606 2949 665 3000 et
690 2940 877 3000 caiafa
894 2973 909 2988 ·
966 2941 1215 3002 Factum

605 3043 696 3094 est
722 3035 969 3094 uerbum
997 3035 1098 3094 dfii
1125 3053 1196 3096 su

606 3146 709 3206 per
737 3128 1055 3188 iohannem
1074 3160 1089 3176 ·
1149 3148 1293 3190 zaca

604 3223 723 3284 riae
752 3222 935 3282 filium
962 3225 1023 3282 in
1053 3224 1221 3283 deser
1246 3229 1263 3238 “

606 3326 667 3377 to
687 3348 702 3364 ·
760 3316 855 3377 ⁸et
870 3319 1031 3377 uenit
1050 3319 1109 3376 in
1131 3323 1309 3378 omne

605 3411 910 3488 regionem
936 3412 1189 3470 iordanis
1211 3443 1225 3460 ·

604 3503 950 3583 praedicans
976 3506 1170 3582 baptis

607 3615 772 3656 mum
800 3599 1191 3675 paenitentiae
1210 3624 1223 3638 ·

606 3691 667 3750 in
694 3691 1100 3752 remissionem
1129 3711 1238 3770 pec

604 3795 867 3846 oetorum
890 3817 905 3833 ·
970 3787 991 3818 ⁴
1008 3787 1156 3846 sicut

604 3881 886 3959 scriptum
912 3889 1001 3940 est
1029 3881 1091 3938 in
1119 3880 1159 3939 li

605 3974 713 4033 bro
740 3991 1081 4033 sermonum

605 4067 795 4127 esaiae
824 4067 1081 4144 profetae
1110 4067 1281 4128 dicen

604 4161 679 4220 tis
696 4191 713 4207 ·
776 4159 914 4221 on
942 4161 1175 4220 claman

604 4251 679 4314 tis
746 4254 809 4314 in
836 4253 1065 4314 deserto

1370 1698 1479 1740 tres
1506 1682 1582 1740 ad
1610 1684 1811 1741 turbas
1835 1713 1849 1730 ·
1916 1684 2018 1761 qui

1371 1776 1640 1835 exiebant
1666 1786 1730 1834 ut
1758 1777 1920 1853 bapti

1368 1879 1637 1929 narentur
1664 1876 1803 1929 cora
1832 1871 1963 1947 ipso
1988 1900 2003 1917 ·

1370 1961 1688 2024 Generatio
1715 1965 1916 2041 uipera

1366 2075 1497 2115 rum
1516 2087 1531 2103 ·
1591 2058 1723 2135 quis
1751 2068 1924 2117 osten

1366 2151 1450 2209 dit
1477 2152 1651 2211 uobis
1680 2151 1877 2228 fugere
1906 2153 1984 2211 ab

1364 2246 1451 2304 ira
1476 2257 1719 2305 uentura
1742 2278 1757 2292 ·
1815 2245 1837 2278 ⁸
1859 2246 1969 2306 faci

1363 2349 1421 2399 te
1450 2356 1593 2417 ergo
1621 2338 1841 2399 fructus

1365 2469 1581 2548 dignos
1610 2472 2003 2548 paenitentiae

1366 2575 1424 2624 et
1452 2583 1529 2624 ne
1560 2566 1821 2626 dixeritis
1850 2567 2001 2626 intra

1362 2676 1477 2719 uos
1539 2667 1763 2737 patrem
1782 2659 2069 2721 habemus

1363 2753 1643 2812 abraham
1668 2785 1683 2800 ·
1742 2754 1900 2813 Dico
1922 2759 2053 2814 aute

1362 2847 1534 2906 uobis
1562 2847 1699 2926 quia
1728 2857 1941 2924 potens
1962 2859 2049 2908 est

1365 2939 1435 3000 ds
1463 2940 1537 3000 de
1565 2941 1855 3016 lapidibus
1884 2942 2007 3002 istis

1364 3035 1638 3095 suscitare
1656 3035 1807 3095 filios
1824 3035 2038 3096 abraee

1362 3128 1530 3187 ’Iam
1562 3141 1755 3188 autem
1786 3130 2007 3189 securis

1359 3222 1436 3281 ad
1463 3223 1721 3283 radicem
1749 3225 1958 3284 arboru

1360 3317 1549 3394 posita
1575 3327 1664 3376 est
1686 3349 1699 3364 ·
1765 3318 1959 3377 omnis

1360 3429 1504 3487 ergo
1532 3412 1707 3471 arbor
1736 3430 1886 3490 quae
1917 3423 2034 3471 n⁰n

1362 3504 1495 3564 facit
1516 3504 1764 3564 fructum
1794 3507 1957 3564 bonii

1362 3599 1663 3659 excidetur
1691 3607 1751 3658 et
1778 3599 1839 3657 in
1866 3600 2011 3676 igne*

1361 3694 1619 3753 mittetur
1637 3724 1650 3739 ·
1677 3724 1690 3739 ·
1713 3723 1728 3739 ·
1752 3691 1797 3724 ¹⁰
1810 3691 1888 3751 Et
1916 3694 2067 3752 inter

1361 3797 1718 3864 rogauerunt
1742 3787 1902 3846 illum

1361 3884 1563 3940 turbae
1593 3891 1653 3942 et
1680 3881 1951 3941 dixerunt
1971 3914 2019 3929 ··

1362 3975 1505 4054 quid
1534 3973 1813 4034 faciemus
1838 3985 1905 4033 ut
1931 3975 1990 4034 ui

1360 4086 1569 4128 uamus
1588 4100 1601 4115 ·
1622 4100 1635 4115 ·
1656 4100 1671 4116 ·
1714 4067 1757 4101 ¹¹
1778 4067 2022 4145 Respon

1361 4162 1507 4222 dens
1537 4173 1733 4221 autem
1761 4161 1941 4221 ioban

1362 4274 1467 4316 nes
1494 4255 1637 4316 dixit
1662 4256 1771 4315 illis

2178 542 2282 622 qui
2309 542 2486 603 habet
2511 540 2658 603 duas
2686 540 2812 603 tuni

2181 654 2284 696 cas
2310 637 2412 696 det
2437 656 2561 696 non
2589 637 2830 698 habenti
2848 668 2863 684 ·

2181 741 2243 790 et
2269 732 2370 809 qui
2398 730 2578 790 habet
2604 751 2771 792 escas

2184 825 2448 884 similiter
2478 824 2650 884 faciat
2673 857 2688 873 ·

2180 914 2227 950 ²²
2245 918 2550 978 Uenerunt
2575 929 2771 979 autem
2799 929 2860 979 et

2180 1011 2479 1089 puplicani
2505 1022 2572 1071 ut
2598 1014 2759 1090 bapti

2183 1114 2454 1165 zarentur
2471 1138 2486 1153 ·
2546 1106 2626 1165 Et
2653 1108 2790 1167 dixe

2182 1208 2320 1258 runt
2347 1200 2422 1259 ad
2451 1196 2612 1259 illum
2639 1202 2830 1279 magis

2181 1299 2270 1352 ter
2351 1293 2492 1371 quid
2518 1292 2796 1354 faciemus
2817 1326 2832 1343 ·

2180 1385 2226 1419 ¹³
2238 1387 2318 1445 At
2331 1387 2424 1445 ille
2441 1388 2584 1446 dixit
2599 1390 2684 1449 eis
2700 1420 2715 1435 ·
2747 1388 2889 1449 nihil

2184 1481 2436 1557 amplius
2465 1484 2710 1559 exigatis
2731 1515 2744 1529 ·

2183 1592 2365 1652 quam
2393 1576 2555 1653 quod
2582 1577 2774 1637 consti

2182 1678 2373 1727 tutum
2402 1680 2490 1729 est
2517 1671 2690 1730 uobis
2713 1702 2728 1719 ·

2183 1758 2228 1795 ¹⁴
2245 1761 2762 1841 Interrogauerunt

2180 1866 2378 1915 autem
2407 1857 2567 1916 illum
2596 1868 2654 1917 et
2681 1860 2766 1917 mi

2178 1950 2310 2010 lites
2406 1951 2548 2029 quid
2575 1951 2724 2013 facie

2178 2062 2313 2103 mus
2342 2056 2402 2104 et
2428 2062 2540 2105 nos
2570 2076 2585 2092 ·
2650 2046 2752 2105 Ait
2779 2046 2820 2105 il

2176 2138 2248 2197 lis
2277 2140 2576 2198 neminem
2604 2158 2721 2199 con

2174 2232 2404 2291 cutiatis
2427 2264 2442 2280 ·
2501 2252 2694 2312 neque

2174 2327 2529 2387 calumniam
2556 2328 2782 2389 faciatis
2804 2359 2819 2377 ·

2174 2457 2254 2517 Et
2280 2459 2544 2519 contenti
2574 2468 2763 2520 estote

2174 2553 2480 2630 stipendiis
2507 2555 2718 2614 uestris

2174 2646 2220 2680 ¹⁵
2236 2647 2626 2708 Existimante
2655 2659 2852 2709 autem

2174 2742 2340 2801 omni
2368 2743 2590 2819 populo
2634 2742 2712 2801 Et
2739 2745 2878 2820 cogi

2174 2837 2428 2896 tantibus
2457 2837 2735 2896 omnibus

2174 2931 2235 2988 in
2265 2930 2539 2991 cordibus
2567 2932 2687 2990 suis
2715 2931 2788 2990 de

2172 3025 2431 3084 iohanne
2499 3044 2576 3085 ne
2605 3024 2755 3085 forte

2171 3119 2299 3197 ipse
2327 3129 2483 3179 esset
2509 3125 2623 3196 xps
2641 3149 2656 3166 ·

2170 3212 2214 3246 ¹⁶
2234 3212 2564 3289 Respondit
2591 3213 2878 3274 iohannes

2169 3307 2373 3367 dicens
2401 3308 2677 3366 omnibus
2697 3339 2710 3354 ·

3555 388 3634 457 77

2937 560 3134 602 aream
3163 559 3330 603 suam
3346 573 3361 590 ·
3421 554 3479 605 et
3507 563 3622 606 con
3663 552 3788 603 1¹01.
3807 552 3902 603 02.

2938 638 3208 714 gregabit
3235 639 3489 698 triticum

2939 730 3000 789 in
3026 730 3239 790 horreo
3269 750 3378 791 suo
3397 764 3412 779 ·
3475 751 3554 809 pa

2937 823 3060 883 leas
3087 834 3282 884 autem
3311 827 3598 887 conburet

2939 917 3063 994 igni
3091 919 3516 995 inextinguibili
3537 952 3552 967 ·

2937 1009 2981 1043 ¹⁸
2991 1010 3183 1071 Multa
3197 1013 3436 1091 quidem
3453 1024 3512 1074 et
3532 1014 3646 1077 alia

2937 1104 3254 1167 exhortans
3275 1138 3290 1153 ·
3350 1125 3577 1186 euange

2938 1199 3146 1259 lizabat
3175 1201 3462 1278 populum
3483 1235 3500 1251 ·

2935 1289 3257 1353 ¹·Herodes
3273 1306 3468 1355 autem
3478 1306 3646 1358 τεῦ-*ι-

2936 1387 3048 1446 cha
3067 1419 3082 1436 ·
3139 1406 3278 1447 cum
3303 1391 3596 1468 corripere

2936 1490 3030 1541 tur
3051 1482 3126 1540 ab
3149 1482 3247 1543 illo
3265 1513 3280 1529 ·
3339 1483 3411 1542 de
3441 1485 3642 1545 aerodi

2937 1575 3084 1635 adae
3112 1594 3295 1636 uxore
3325 1577 3510 1638 fratris

2939 1686 3079 1728 suae
3097 1700 3114 1717 ·
3174 1679 3234 1730 et
3261 1671 3334 1730 de
3363 1673 3644 1733 omnibus

2937 1763 3106 1822 malis
3134 1782 3286 1841 quae
3315 1765 3453 1825 fecit
3479 1766 3558 1826 he

2937 1858 3114 1918 rodes
3155 1856 3200 1891 ¹⁰
3216 1860 3483 1920 adiciecit
3508 1869 3569 1920 et

2937 1951 3054 2011 hoc
3081 1970 3257 2029 super
3287 1956 3491 2014 omnia
3508 1985 3525 2002 ·

2937 2045 3014 2103 Et
3043 2046 3275 2106 inclusit
3300 2048 3558 2107 iohanne:

2937 2138 2998 2197 in
3026 2157 3358 2199 carcaerem
3378 2172 3393 2188 ·
3437 2139 3480 2175 ²²
3498 2141 3622 2203 Fac

2933 2241 3060 2291 tum
3088 2242 3176 2291 est
3202 2244 3398 2293 autem
3426 2254 3564 2297 cum

2932 2326 3258 2403 baptizatus
3285 2337 3438 2389 esset

2933 2458 3128 2517 omnis
3155 2459 3412 2537 populus
3433 2489 3449 2508 ·
3513 2470 3572 2521 et

2931 2551 3033 2610 ihu
3060 2553 3356 2629 baptizato
3385 2587 3400 2601 ·
3431 2565 3491 2616 et
3517 2573 3666 2616 oran

2931 2653 2988 2704 te
3015 2647 3236 2721 aperire
3266 2649 3496 2706 caelum

2934 2735 2978 2769 ¹⁸
2994 2748 3052 2797 et
3079 2739 3437 2800 descendere
3465 2747 3600 2819 spm

2930 2839 3057 2891 scm
3083 2835 3376 2910 corporali
3402 2854 3510 2913 spe

2930 2926 3020 2986 cie
3049 2927 3198 2985 sicut
3225 2928 3502 2990 columba
3528 2931 3590 2990 in

2929 3021 3123 3097 ipsum
3139 3053 3154 3068 ·
3183 3021 3262 3080 Et
3281 3041 3399 3083 uox
3419 3023 3494 3083 de
3503 3025 3634 3085 celo

2928 3114 3055 3173 fieri
3081 3115 3284 3176 dicens
3303 3147 3318 3164 ·
3382 3127 3446 3176 tu
3474 3135 3538 3178 es

2929 3209 3082 3268 filius
3110 3227 3278 3270 meus
3305 3210 3552 3272 dilectus

2929 3302 2991 3361 in
3019 3313 3076 3362 te
3104 3303 3448 3381 conplacui·
3469 3339 3554 3352 —

2168 3401 2304 3479 Ego
2315 3401 2552 3480 quidem
2559 3419 2670 3460 uos
2690 3402 2750 3460 in
2758 3411 2906 3480 ¹*qua
2929 3395 3050 3456 ”Et
3066 3397 3192 3474 ipse
3209 3398 3299 3457 ihs
3315 3410 3439 3459 erat
3453 3400 3635 3478 incipi

2169 3497 2407 3574 baptizo
2430 3526 2444 3543 ·
2511 3497 2572 3554 ln
2593 3498 2879 3572 'paeniten

2171 3592 2312 3650 tiam
2335 3622 2348 3637 ·
2409 3581 2610 3650 ueniet
2635 3595 2772 3650 aute

2169 3685 2374 3745 fortior
2399 3703 2497 3744 me
2526 3685 2694 3745 cuius

2170 3798 2295 3840 non
2323 3797 2454 3840 sum
2484 3779 2697 3856 dignus
2726 3777 2818 3838 cal

2170 3875 2462 3934 ciamenta
2487 3883 2718 3950 portare
2742 3903 2757 3918 ·

2169 3969 2306 4046 Ipse
2332 3986 2444 4028 uos
2471 3965 2789 4043 baptizabit

2165 4065 2227 4123 in
2255 4068 2366 4140 spu
2395 4069 2496 4122 sco
2525 4072 2583 4120 et
2611 4061 2734 4137 igni
2751 4091 2766 4108 ·

2162 4157 2208 4191 ¹⁷
2227 4166 2284 4218 et
2309 4156 2700 4217 uentilabrum
2727 4155 2789 4214 in

2931 3510 3039 3552 ens
3068 3492 3188 3551 fere
3216 3511 3508 3553 annorum

2929 3587 3165 3662 triginta
3183 3617 3198 3633 ·
3259 3589 3421 3666 quod
3447 3588 3584 3650 uide

2929 3681 3097 3739 batur
3125 3696 3256 3740 esse
3284 3681 3434 3740 filius

2927 3773 3133 3852 ioseph
3158 3805 3173 3821 ·
3217 3777 3319 3854 qui
3349 3777 3454 3834 fuit
3480 3776 3632 3837 filius

2849 3905 2862 3912 -
2926 3866 3080 3927 heli·
3108 3869 3208 3946 qui
3233 3868 3339 3931 fuit
3355 3870 3594 3931 matthei
3613 3903 3628 3918 ·

2924 3959 3211 4041 '‘quifuit·
3241 3964 3382 4022 leui·
3413 3964 3632 4042 quifuit

2924 4057 3164 4116 melchi·
3185 4059 3284 4136 qui
3303 4057 3408 4117 fuit
3427 4059 3629 4118 ianne·

2921 4153 3022 4231 qui
3044 4152 3089 4210 fs
3103 4183 3118 4198 ·
3136 4152 3370 4231 ioseph·
3392 4154 3539 4231 ²⁵qui
3556 4153 3632 4213 fs·

2166 4252 2478 4312 manueius
2534 4249 2872 4328 etpurgauit
2919 4247 3282 4308 mattathiae·
3299 4247 3401 4326 qui
3417 4246 3467 4308 ss
3485 4265 3655 4309 amos
