4373 5048
584 343 992 406 x111.34-x1v.
1018 339 1124 405 ια]
1860 320 2302 394 IOHANNE'
2319 364 2332 379 -

3511 335 3595 422 63

1334 507 1569 567 ueniam
1596 516 1655 565 et
1683 524 1815 567 acer
3617 528 3740 579 Pol.
3765 530 3894 579 886.

1336 602 1483 658 siam
1509 617 1619 660 uos
1647 599 1725 660 ad
1750 618 1847 660 me

272 513 403 562 rol.
424 514 553 563 286.
586 504 633 541 ⁸⁴
647 505 989 565 mandatum
1010 512 1169 566 noufi

588 602 668 662 do
692 600 865 660 uobis
889 611 956 660 ut
985 600 1162 677 diliga

2889 527 2985 570 me
3013 510 3130 569 iam
3158 528 3282 571 non
3311 512 3446 572 uide

2889 603 2974 662 dit
2995 635 3010 651 ·
3069 622 3178 664 uos
3206 615 3402 666 autem
3427 609 3487 666 ui

2134 507 2177 541 ¹¹
2198 508 2431 569 Credite
2465 508 2607 568 mihi
2635 510 2770 587 quia

2134 619 2252 680 ego
2281 604 2342 661 in
2369 612 2531 679 patre
2560 612 2620 662 et
2645 621 2724 681 pa

580 698 657 756 tis
685 696 939 756 inuicem
968 695 1117 755 sicut

586 790 759 851 dilexi
788 806 899 849 uos
973 799 1035 848 ut
1060 799 1118 849 et
1143 800 1243 849 u⁰s

587 885 838 962 diligatis
867 885 1119 944 inuicem
1142 914 1157 930 ·

586 978 631 1013 ⁸⁸
649 979 722 1038 In
750 979 865 1039 hoc
887 980 1035 1039 sient
1061 997 1272 1039 omnes

586 1075 747 1151 quod
776 1074 893 1133 mei
922 1074 1151 1150 discipu

588 1168 625 1225 li
646 1168 785 1227 estis
814 1168 864 1228 si
885 1167 1121 1228 caritate

584 1262 898 1321 habueritis
920 1263 981 1320 in
1002 1262 1123 1321 inui

587 1374 719 1416 cem
736 1387 749 1403 ·
772 1388 785 1403 ·
812 1386 827 1403 ·
871 1354 1082 1416 ³⁶Dicit
1108 1356 1190 1414 illi
1220 1356 1269 1416 si

586 1468 730 1509 mon
757 1458 987 1528 petrus-
1033 1450 1150 1509 dfie

476 1568 481 1573 ·
586 1562 707 1623 quo
735 1543 904 1604 uadis
924 1571 937 1585 ·
1001 1544 1124 1604 Res

586 1639 825 1717 spondit
844 1638 925 1697 illi
953 1638 1043 1698 ihs

587 1751 705 1811 quo
734 1750 850 1810 ego
876 1733 1034 1791 uado
1060 1750 1184 1791 non

586 1836 754 1904 potes
780 1846 877 1887 me
904 1844 1061 1885 nunc
1084 1843 1148 1885 se

586 1924 685 2001 qui
708 1946 721 1961 ·
788 1921 1045 1998 sequeris
1074 1938 1149 1979 au

584 2027 707 2076 tem
734 2026 941 2094 postea
960 2042 973 2056 ·
1017 2012 1063 2048 ⁸⁷
1080 2014 1220 2073 dicit

586 2110 665 2169 illi
694 2119 891 2187 petrus
914 2140 927 2155 ·
990 2109 1105 2169 dne

587 2222 767 2280 quare
795 2221 919 2263 non
939 2213 1139 2280 posu-

586 2309 642 2359 te
664 2298 832 2376 sequi
858 2296 1039 2357 modo

586 2431 845 2490 animam
872 2445 1065 2488 meam

587 2543 694 2602 pro
724 2535 779 2583 te
809 2541 1003 2601 pono·
1048 2518 1227 2581 “Res

588 2618 826 2696 spondit
852 2616 931 2676 illi
952 2616 1041 2676 ihs

587 2713 845 2772 animam
870 2721 1031 2770 mam
1058 2729 1166 2788 pro

586 2824 683 2866 me
708 2807 883 2883 ponis
903 2837 917 2852 ·
980 2807 1177 2864 Amen

586 2918 760 2959 amen
782 2899 914 2960 dico
935 2899 1040 2958 tibi

586 3012 709 3054 non
736 2993 993 3055 cantabit
1018 2991 1202 3070 gallus

585 3097 901 3166 antequam
922 3097 1009 3148 ter
1036 3103 1131 3146 me

583 3199 763 3260 neges
782 3213 797 3229 ·
857 3188 955 3242 14.
970 3179 992 3213 ²
1013 3199 1139 3241 non
1166 3199 1283 3240 con

581 3278 835 3336 turbetur
862 3293 967 3336 cor
992 3292 1099 3334 ues

584 3381 735 3428 trum
758 3401 773 3417 ·
839 3369 1055 3430 credite
1082 3369 1142 3426 in

586 3463 685 3522 dm
714 3475 772 3524 et
800 3464 861 3522 in
888 3481 983 3522 me
1012 3462 1225 3522 credite

552 3556 605 3592 ·²
622 3559 692 3621 ln
722 3559 899 3618 domo
926 3557 1107 3634 patris
1127 3555 1245 3615 mei

584 3653 759 3711 multe
784 3652 1122 3710 mansiones

584 3757 718 3806 sunt
740 3778 754 3793 ·
814 3746 1092 3822 Alioquin
1112 3743 1264 3804 dixis

584 3858 708 3901 sem
733 3841 905 3900 uobis
932 3837 1088 3898 uado

584 3952 827 4012 prepare
852 3933 1048 3993 locum
1075 3951 1154 3994 uo

582 4031 672 4089 bis
696 4061 711 4075 ·
774 4029 890 4088 ³Et
918 4029 968 4089 si
996 4029 1116 4089 iero
1144 4039 1201 4088 et

584 4141 1007 4202 praeparauero
1035 4142 1114 4183 uo

584 4220 671 4278 bis
700 4219 897 4279 locum
922 4245 933 4260 ·
1000 4218 1219 4278 Iterum

1334 694 1527 772 ipsum
1551 725 1565 740 ·
1602 706 1687 769 ,ut
1706 695 1808 754 ubi
1834 714 1869 755 e

1332 806 1412 864 go
1442 806 1571 847 sum
1598 799 1657 849 et
1682 806 1791 848 uos
1820 786 1939 849 sitis
1958 821 1973 837 ·

1332 884 1354 915 ⁴
1370 892 1427 941 et
1450 900 1568 960 quo
1587 882 1745 943 uado
1779 901 1889 943 nos

1330 976 1403 1036 tis
1431 987 1491 1036 et
1514 978 1673 1036 uiam
1702 978 1862 1038 scitis
1880 1008 1893 1023 ·

1330 1070 1353 1103 ⁶
1370 1069 1529 1129 Dicit
1554 1071 1635 1130 illi
1662 1071 1895 1132 thomas

1330 1164 1446 1223 diie
1465 1195 1479 1211 ·
1540 1166 1833 1225 nescimus
1862 1176 1972 1245 quo

1326 1259 1496 1318 uadis
1524 1268 1583 1319 et
1602 1260 1762 1319 unde
1787 1278 1870 1337 po

1328 1370 1529 1412 sumus
1555 1354 1714 1413 uiam
1742 1354 1889 1413 scire

1327 1447 1349 1480 ⁴⁸
1365 1446 1524 1506 Dicit
1551 1446 1631 1505 illi
1651 1447 1749 1511 ihs
1816 1465 1934 1525 ego
1961 1454 2029 1507 εὔ

1326 1541 1424 1600 uia
1450 1552 1509 1600 et
1535 1542 1750 1601 ueritas
1779 1552 1837 1601 et

1328 1636 1448 1695 uita
1471 1666 1486 1682 ·
1544 1652 1723 1695 nemo
1748 1637 1909 1695 uenit

1328 1729 1405 1787 ad
1432 1738 1659 1806 patrem
1687 1730 1799 1788 nisi

1329 1841 1435 1901 per
1462 1842 1560 1883 me
1583 1866 1599 1884 .
1638 1824 1737 1883 ''et
1764 1825 1815 1885 si
1844 1842 1941 1885 me

1326 1919 1513 1978 nostis
1540 1928 1599 1977 et
1626 1928 1852 1996 patrem

1326 2029 1523 2072 meum
1544 2014 1829 2089 cognosci

1326 2106 1399 2163 tis
1419 2136 1434 2152 ·
1493 2116 1552 2166 et
1580 2124 1653 2166 ex
1683 2124 1843 2166 nunc
1872 2124 1992 2182 cog

1326 2200 1583 2260 noscetis
1609 2218 1743 2260 eum
1771 2210 1829 2261 et

1327 2292 1552 2354 uidistis
1579 2312 1716 2354 eum

1332 2424 1355 2457 ⁸
1371 2423 1512 2484 dicit
1538 2425 1617 2484 illi
1650 2426 1882 2504 filippus

1335 2518 1450 2579 diie
1477 2519 1721 2581 ostende
1748 2522 1919 2580 nobis

1334 2623 1557 2690 patrem
1587 2624 1645 2674 et
1662 2615 1787 2674 suffi

1335 2706 1417 2766 cit
1443 2708 1615 2767 nobis
1638 2739 1652 2755 ·
1712 2709 1734 2741 ⁹
1751 2707 1909 2768 Dicit
1936 2708 1976 2768 il

1334 2800 1373 2858 li
1402 2801 1493 2861 ihs
1512 2833 1527 2848 ·
1585 2811 1750 2862 tanto
1774 2811 1975 2881 tempo

1336 2911 1397 2954 re
1424 2896 1731 2955 uobiscum
1759 2914 1891 2956 sum

1335 2998 1393 3047 et
1424 3007 1547 3048 non
1576 2991 1761 3050 nostis
1788 3009 1883 3050 me

1333 3081 1531 3161 filippe
1550 3114 1565 3130 ·
1624 3084 1726 3161 qui
1745 3103 1843 3143 me

1332 3177 1475 3236 uidit
1500 3178 1645 3238 uidit
1664 3187 1721 3238 et
1748 3183 1911 3256 patre

1331 3289 1530 3331 meum
1553 3303 1568 3318 ·
1630 3282 1689 3331 et
1714 3288 1935 3349 quomo

1333 3365 1411 3424 do
1440 3375 1503 3424 tu
1530 3365 1673 3425 dicis
1705 3365 1951 3426 ostende

1332 3459 1505 3518 nobis
1524 3469 1749 3536 patrem
1772 3491 1785 3506 ·
1808 3493 1893 3504 —

1332 3549 1377 3584 ¹⁰
1394 3569 1516 3611 non
1544 3553 1731 3612 credis
1758 3554 1894 3632 quia

1334 3665 1451 3724 ego
1480 3647 1541 3705 in
1568 3658 1794 3724 patrem
1850 3659 1909 3708 et

1336 3751 1500 3818 pater
1526 3742 1585 3800 in
1612 3759 1709 3801 me
1738 3754 1829 3802 est
1845 3775 1860 3788 ·

1336 3835 1532 3895 Uerba
1558 3853 1671 3914 que
1698 3855 1813 3914 ego
1842 3837 1975 3898 dico

1334 3931 1503 3990 uobis
1574 3949 1611 3990 a
1638 3949 1735 3990 me
1761 3932 1894 4008 ipso

1334 4042 1457 4085 non
1485 4024 1696 4102 loquor
1764 4026 1869 4085 sed

1333 4129 1498 4196 pater
1518 4120 1617 4197 qui
1645 4120 1707 4178 in
1732 4138 1829 4179 me
1850 4137 1949 4180 ma

1333 4225 1434 4274 net
1460 4215 1587 4293 ipse
1610 4213 1744 4274 facit
1770 4233 1950 4292 opera

2136 707 2222 757 ter
2247 697 2308 756 in
2335 716 2432 757 me
2457 722 2471 737 ·
2511 698 2606 756 uel
2634 708 2779 775 pr⁰p

2135 802 2222 851 ter
2248 808 2430 867 opera
2459 792 2618 851 credi

2135 896 2194 945 te
2223 886 2400 943 mihi·
2463 884 2510 918 ¹¹
2527 886 2724 946 Amen

2134 997 2308 1039 amen
2337 979 2476 1040 dico
2500 982 2668 1039 uobis

2133 1074 2234 1149 qui
2261 1072 2444 1133 credit
2472 1074 2533 1132 in
2561 1092 2659 1133 me

2132 1184 2315 1243 opera
2342 1184 2494 1244 quae
2521 1184 2636 1245 ego
2665 1168 2724 1228 fa

2134 1259 2230 1319 cio
2260 1269 2318 1320 et
2346 1260 2440 1321 ille
2467 1260 2642 1322 faciet
2664 1292 2680 1309 ·

2132 1361 2192 1412 et
2219 1353 2442 1414 maiora
2468 1354 2558 1414 his
2579 1355 2695 1416 faci

2132 1457 2192 1507 et
2216 1480 2230 1495 ·
2287 1449 2424 1525 quia
2443 1468 2558 1526 ego
2576 1450 2654 1510 ad
2681 1469 2758 1529 pa

2134 1552 2283 1601 trem
2309 1544 2467 1603 uado
2489 1574 2505 1590 ·
2548 1542 2596 1577 ¹⁸
2611 1554 2668 1605 et
2695 1544 2839 1624 quid

2133 1636 2274 1713 quid
2302 1636 2580 1713 petieritis

2132 1730 2194 1788 in
2221 1731 2462 1791 nomine
2488 1750 2626 1793 meo

2132 1822 2250 1883 hoc
2278 1824 2488 1884 faciam
2556 1836 2622 1885 ut

2133 1917 2549 1978 honorificetur

2133 2018 2300 2088 pater
2326 2012 2388 2070 in
2409 2012 2594 2072 filium

2134 2102 2177 2135 ¹⁴
2199 2105 2250 2164 si
2277 2104 2419 2182 quid
2445 2106 2722 2184 petieritis

2132 2197 2196 2256 in
2223 2200 2463 2259 nomine
2491 2218 2628 2261 meo

2132 2310 2248 2369 ego
2270 2292 2483 2354 faciam
2510 2329 2594 2341 —

2106 2420 2184 2456 *¹⁵
2204 2422 2266 2483 Si
2295 2424 2527 2501 diligitis
2555 2443 2651 2486 me
2679 2444 2820 2487 man

2106 2516 2278 2578 *data
2304 2537 2439 2580 mea
2463 2531 2692 2581 seruate

2107 2611 2263 2673 *²⁶Et
2279 2632 2392 2692 ego
2415 2617 2641 2692 rogabo
2662 2619 2826 2693 patre

2108 2706 2341 2768 *meum
2363 2733 2376 2747 ·
2457 2720 2514 2769 et
2541 2701 2717 2768 alium

2136 2801 2492 2862 aduooetum
2521 2802 2678 2863 dabit

2136 2897 2310 2956 uobis
2338 2897 2440 2973 qui
2466 2899 2639 2958 uobis

2137 3008 2275 3050 cum
2303 2991 2378 3050 sit
2403 2991 2464 3049 in
2491 2997 2730 3052 aeternil

2138 3084 2180 3118 ¹⁷
2200 3089 2334 3160 spm
2363 3086 2618 3146 ueritatis

2136 3195 2315 3255 quem
2342 3178 2438 3238 hic
2463 3180 2717 3256 mundus

2136 3273 2404 3349 accipere
2425 3290 2550 3332 non
2574 3291 2657 3351 po

2135 3375 2250 3426 test
2268 3398 2282 3413 ·
2345 3372 2489 3444 qum
2516 3385 2640 3428 non
2665 3369 2725 3427 ui

2137 3459 2223 3518 dit
2250 3477 2385 3519 eum
2413 3479 2524 3521 nec
2553 3462 2716 3522 nouit

2137 3553 2301 3612 illum
2369 3571 2478 3614 uos
2507 3566 2702 3615 autem

2138 3649 2495 3724 cognoscitis
2521 3667 2657 3709 eum

2137 3742 2276 3820 quia
2304 3740 2463 3819 apud
2487 3760 2600 3803 uos
2627 3761 2728 3802 ma

2138 3847 2240 3896 net
2266 3847 2325 3896 et
2351 3837 2412 3895 in
2440 3837 2612 3896 uobis
2639 3847 2764 3897 est·

2136 3929 2179 3964 ¹⁸
2201 3929 2342 3991 Non
2362 3930 2685 4009 relinquam
2705 3949 2818 3994 uos

2136 4023 2374 4084 orfanos
2400 4025 2634 4085 ueniam

2136 4119 2214 4178 ad
2241 4136 2351 4179 uos
2369 4146 2383 4161 ·
2429 4118 2694 4180 ¹⁹Adhuc
2727 4139 2810 4198 pu

2134 4214 2326 4273 sillum
2354 4223 2412 4274 et
2439 4214 2532 4272 hic
2555 4215 2807 4277 mundus

2889 697 3099 759 debitis
3125 717 3222 759 me
3247 727 3260 741 ·
3322 702 3460 777 quia
3487 721 3521 763 e

2890 810 2971 869 go
2996 793 3136 852 uiuo
3163 803 3221 853 et
3245 812 3356 854 uos
3383 796 3517 856 uiue

2891 886 2962 945 tis
2986 918 3001 934 ·
3046 884 3091 919 ²⁰
3108 887 3170 946 in
3199 888 3296 947 illa
3321 889 3416 949 die
3451 908 3570 967 cog

2891 983 3148 1041 noscetis
3179 1000 3288 1043 uos
3317 989 3461 1060 qiim

2890 1092 3005 1151 ego
3033 1076 3096 1135 in
3123 1086 3352 1153 patrem
3377 1085 3518 1139 mesi
3541 1110 3557 1127 ·

2892 1177 2951 1227 et
2973 1186 3084 1228 uos
3113 1171 3176 1229 in
3203 1189 3301 1231 me
3329 1184 3388 1231 et
3415 1190 3533 1249 ego

2891 1262 2952 1321 in
2979 1264 3151 1324 uobis
3199 1262 3242 1297 ²¹
3260 1266 3364 1343 qui
3391 1262 3565 1327 habet

2891 1356 3167 1418 mandata
3195 1376 3332 1419 mea
3359 1369 3417 1420 et
3445 1378 3552 1421 cus

2891 1450 3038 1511 todit
3066 1452 3164 1511 illa
3231 1452 3328 1513 ille
3355 1465 3444 1514 est

2889 1544 2988 1621 qui
3017 1562 3115 1605 me
3143 1546 3328 1624 diligit
3351 1579 3366 1595 ·
3427 1549 3530 1625 qui

2898 1647 3098 1697 autem
3126 1639 3308 1718 diligit
3335 1658 3434 1702 me

2891 1731 3161 1809 diligetur
3186 1752 3224 1793 a
3251 1744 3420 1813 patre
3446 1754 3546 1796 me

2890 1843 2929 1885 o
2958 1837 3018 1887 et
3044 1845 3161 1905 ego
3188 1829 3431 1906 diligam
3456 1829 3498 1889 il

2891 1917 3013 1979 lum
3080 1931 3138 1981 et
3165 1924 3476 1983 ostendam

2889 2014 2970 2074 illi
2995 2034 3093 2075 me
3121 2017 3314 2094 ipsum
3335 2048 3350 2065 ·
3394 2016 3439 2050 ¹²
3456 2017 3598 2079 dicit

2891 2108 2973 2169 illi
2998 2110 3166 2170 iudas
3193 2130 3316 2171 non
3345 2114 3497 2173 scari

2890 2203 3031 2264 otha
3053 2237 3068 2252 ·
3112 2205 3227 2266 dfie
3257 2216 3316 2267 et
3341 2208 3484 2284 quid

2889 2296 3110 2357 factum
3137 2308 3226 2359 est
3253 2301 3418 2377 quod

2892 2430 3065 2489 nobis
3093 2438 3432 2491 ostensurus

2892 2541 2956 2582 es
2983 2533 3041 2583 te
3070 2523 3262 2601 ipsum
3289 2535 3348 2586 et
3377 2545 3500 2586 non

2891 2616 3027 2676 huic
3056 2618 3278 2678 mundo
3301 2651 3315 2666 ·
3359 2617 3402 2652 ’Β
3419 2639 3514 2681 res

2891 2711 3097 2787 pondit
3123 2711 3212 2772 ihs
3239 2722 3297 2772 et
3325 2714 3471 2773 dixit

2891 2803 2969 2862 illi
2993 2835 3007 2850 ·
3073 2805 3121 2863 si
3148 2807 3278 2882 quis
3308 2807 3495 2884 diligit

2889 2915 2988 2956 me
3014 2900 3259 2958 uerbum
3286 2919 3485 2961 meum

2891 2993 3176 3052 custodiet
3195 3020 3208 3034 ·
3275 3004 3333 3055 et
3360 3005 3526 3072 pater

2891 3103 3059 3146 meus
3081 3087 3265 3165 diligit
3293 3107 3429 3149 eum

2889 3189 2950 3238 et
2976 3180 3135 3256 apud
3161 3199 3295 3241 eum
3323 3186 3495 3245 uenie

2889 3291 3023 3333 mus
3050 3283 3108 3334 et
3135 3279 3441 3338 mansione

2890 3368 3046 3444 apud
3071 3368 3232 3428 illum
3258 3369 3407 3431 facie

2889 3478 3021 3522 mus
3081 3459 3128 3497 ²⁴
3142 3464 3242 3541 qui
3269 3483 3366 3526 me
3397 3485 3520 3527 non

2888 3555 3074 3633 diligit
3098 3558 3278 3617 uerba
3307 3577 3440 3620 mea

2887 3667 3008 3709 non
3035 3653 3307 3712 obseruat
3334 3665 3394 3714 et

2875 3745 3133 3803 uerbum
3160 3747 3320 3822 quod
3347 3766 3424 3807 au

2888 3837 3050 3897 distis
3077 3857 3200 3899 non
3227 3849 3316 3901 est
3343 3848 3480 3902 meu

2887 3930 2993 3991 sed
3019 3933 3120 4008 qui
3147 3951 3246 3992 me
3278 3935 3435 3994 misit
3461 3954 3542 4013 pa

2885 4025 2986 4084 tris
3015 4057 3031 4074 ·
3075 4023 3120 4060 ²³
3137 4025 3308 4088 Haec
3336 4029 3563 4090 locutus

2886 4137 3017 4180 sum
3043 4121 3214 4181 uobis
3243 4123 3400 4199 apud

2885 4233 2994 4276 uos
3017 4233 3265 4276 manens
3289 4247 3304 4264 ·
3348 4215 3392 4251 ²⁶
3413 4218 3589 4277 Aduo
3699 4247 3712 4271 ι
