4373 5048
783 344 904 409 118

459 527 586 579 ποι.
609 529 734 580 leo.
777 520 1114 600 Coeperunt
1141 541 1276 582 eum

775 625 840 675 ut
870 617 1190 677 discederet
1219 618 1294 679 de

775 708 988 770 finibus
1015 729 1221 771 eorum
1246 742 1261 760 ·

771 804 816 839 ¹⁸
834 804 988 864 Cum
1017 822 1168 882 quae
1195 807 1448 869 ascende

770 909 861 958 ret
887 916 1100 958 nauem
1159 917 1268 961 coe

769 992 857 1069 pit
882 991 1044 1051 illum
1078 993 1258 1072 depre

768 1086 890 1146 cari
952 1087 1052 1166 qui
1079 1097 1110 1130 ⁸
1136 1087 1414 1149 demonio

769 1189 1016 1240 uexatus
1043 1179 1229 1241 fixerat

767 1282 834 1331 ut
855 1282 1006 1333 esset
1033 1292 1170 1334 cum
1197 1274 1296 1335 illo
1315 1302 1330 1321 ·
1345 1306 1391 1321 -

769 1365 814 1403 ¹⁰
832 1368 934 1427 Ihs
963 1377 1158 1429 autem
1185 1387 1308 1429 non
1337 1368 1414 1429 ad

768 1462 926 1522 misit
952 1480 1089 1523 eum
1112 1494 1127 1509 ·
1193 1462 1300 1523 sed

767 1557 849 1616 ait
875 1556 953 1616 illi
977 1588 992 1605 ·
1034 1557 1188 1619 uade
1217 1558 1280 1615 in
1307 1556 1388 1617 do

767 1667 932 1711 mum
961 1659 1122 1710 tuam
1151 1651 1227 1711 ad
1255 1660 1318 1711 tu

767 1761 839 1805 os
867 1754 926 1805 et
954 1744 1238 1804 adnuntia
1265 1744 1305 1804 il

764 1837 840 1898 lis
861 1848 1080 1917 quanta
1098 1838 1203 1899 tibi
1225 1837 1337 1899 dns

764 1931 965 1993 fecerit
1021 1941 1080 1991 et
1105 1932 1283 1993 miser

762 2035 858 2085 tus
875 2024 1054 2087 ffis
1069 2035 1157 2085 est
1185 2026 1288 2085 tibi

763 2118 808 2153 ’⁰
825 2120 903 2180 Et
924 2120 1062 2180 abiit
1081 2128 1138 2179 et
1155 2119 1344 2197 co⁹pit
1362 2138 1466 2198 pre

764 2213 961 2273 dicare
993 2212 1054 2272 in
1081 2212 1310 2291 decapo

761 2306 801 2367 li
829 2316 1050 2385 quanta
1077 2308 1184 2367 sibi
1212 2306 1270 2367 fe

763 2402 940 2463 cisset
966 2401 1056 2463 ihs
1075 2433 1090 2448 ·
1149 2401 1230 2463 Et
1256 2420 1360 2462 om

763 2551 870 2594 nes
897 2533 1256 2596 mirabantur
1286 2567 1300 2582 ·
1322 2562 1403 2589 „a

715 2624 746 2659 ¹⁸⁸
765 2625 810 2662 ²²
826 2627 906 2689 Et
931 2647 1069 2690 cum
1091 2628 1336 2692 transfre

717 2725 748 2760 *
768 2735 949 2788 tasset
977 2727 1067 2788 ihs
1094 2727 1244 2789 ultra

714 2819 745 2854 ¹⁸⁸
765 2840 962 2882 rursus
991 2823 1246 2883 conueni

714 2913 746 2950 *
765 2918 852 2976 nit
878 2917 1046 2977 turba
1073 2918 1256 2976 multa

764 3011 843 3071 ad
870 3029 1004 3070 eum
1034 3011 1188 3072 circa
1213 3029 1376 3073 mare

763 3100 901 3163 ”Et
927 3106 1088 3164 uenit
1115 3105 1354 3180 quidam

761 3197 1260 3275 archisynagogus

763 3291 1006 3350 nomine
1025 3291 1202 3350 iairus

761 3383 841 3444 Et
871 3394 936 3444 ut
961 3384 1105 3444 uidit
1131 3401 1268 3444 eum
1293 3403 1403 3462 pro

763 3477 904 3538 cidit
931 3478 1006 3538 ad
1037 3478 1218 3554 pedes
1248 3479 1374 3538 eius

761 3572 807 3607 ²⁸
824 3589 1042 3649 rogans
1071 3591 1206 3632 eum
1234 3582 1292 3634 et
1313 3572 1374 3632 di

761 3684 905 3727 cens
933 3672 1076 3741 qt'un
1100 3666 1217 3726 filia

761 3777 898 3820 mea
925 3761 988 3819 in
1015 3760 1290 3820 extremis

760 3863 848 3914 est
867 3885 882 3900 ·
945 3851 1102 3913 Ueni
1130 3863 1305 3931 tange

759 3965 894 4007 eam
921 3947 994 4007 de
1027 3949 1296 4008 manibus

759 4043 872 4102 tuis
929 4052 993 4101 ut
1021 4041 1184 4101 salua
1211 4043 1285 4102 sit

760 4145 820 4196 et
846 4136 1007 4195 uiuat
1025 4167 1040 4184 ·
1084 4135 1225 4195 ²*Et
1251 4136 1392 4198 abiit

759 4248 896 4290 cum
925 4248 1000 4290 eo
1059 4239 1118 4290 et
1145 4249 1324 4309 seque

758 4324 926 4384 batur
949 4341 1086 4385 eum
1115 4326 1283 4385 turba

2141 348 2381 413 SECD
2411 384 2426 400 ·

1529 522 1690 583 illum
1708 554 1722 571 ·
1749 554 1764 570 ·
1788 554 1804 570 ·
1846 521 1892 557 ²⁸
1908 523 1986 583 Et
2012 522 2152 585 muli

1527 634 1590 675 er
1617 634 1768 693 quae
1797 626 1918 677 erat
1947 618 2008 676 in

1527 709 1824 787 profluuio
1851 709 2060 788 sangui

1528 805 1619 862 nis
1645 806 1722 863 ab
1750 806 1920 865 annis
1949 805 2069 867 duo

1526 896 1718 957 decim
1738 928 1754 945 ·
1795 896 1840 933 '⁸
1853 899 2036 959 multa

1524 1008 1700 1067 passa
1725 1001 1848 1052 erat
1873 1010 1910 1053 a
1937 1010 2054 1053 con

1524 1085 1782 1161 pluribus
1809 1086 2046 1147 medicis
2069 1120 2084 1135 ·

1523 1189 1582 1239 et
1612 1191 1980 1257 errogauerat

1522 1274 1724 1334 omnia
1749 1292 1856 1336 sua
1913 1294 2023 1337 nec

1521 1368 1842 1445 quidquam
1871 1369 2035 1446 prose

1520 1472 1680 1521 cerat
1737 1460 1842 1523 sed
1867 1463 2000 1524 dete

1521 1556 1640 1615 rius
1669 1556 1922 1619 habebat
1941 1589 1956 1605 ·
1973 1592 2058 1607 --

1521 1646 1564 1682 ²⁷
1582 1648 1800 1711 Audito
1829 1651 1904 1711 de
1933 1652 2034 1713 ihu
2061 1670 2136 1715 ue

1521 1744 1604 1802 nit
1631 1752 1783 1804 retro
1811 1755 1870 1805 et
1903 1746 2029 1822 tigit

1517 1838 1928 1899 uestimentum
1954 1842 2078 1901 eius

1519 1932 1668 1990 inter
1695 1934 1864 1993 turba
1921 1932 1966 1969 ²⁸
1983 1934 2186 1997 dicens

1517 2026 1668 2085 intra
1695 2044 1758 2087 se
1777 2059 1791 2076 ·
1853 2029 1902 2089 si
1932 2029 2026 2089 uel

1517 2121 1863 2182 uestimenta
1889 2124 2014 2185 eius

1517 2215 1760 2291 tetigero
1787 2217 1950 2279 salua
1976 2236 2010 2277 e

1516 2327 1585 2370 ro
1607 2340 1622 2356 ·
1647 2342 1661 2357 ·
1687 2341 1702 2357 ·
1745 2310 1790 2345 ²⁰
1805 2310 1882 2371 Et
1911 2312 2160 2375 confesti

1519 2403 1766 2463 siccatus
1793 2415 1881 2465 est
1901 2403 2036 2465 fons

1517 2537 1819 2614 sanguinis
1846 2537 1970 2598 eius
1993 2569 2008 2586 ·

1517 2641 1576 2690 et
1603 2633 1780 2691 sensit
1807 2633 2038 2710 corpori

1519 2725 1682 2800 quod
1707 2737 1912 2786 sanata
1937 2737 2092 2787 esset

1517 2837 1554 2877 a
1580 2817 1756 2896 plaga
1778 2851 1793 2866 ·
1836 2820 1882 2853 ³⁰
1897 2838 2094 2898 cogno

1518 2913 1602 2972 uit
1625 2922 1820 2974 autem
1849 2925 1906 2975 et
1925 2914 2016 2975 ihs

1520 3009 1789 3068 uirtutem
1818 3026 1967 3087 quae
1996 3010 2091 3070 exi

1517 3111 1640 3160 erat
1668 3101 1742 3164 de
1771 3121 1834 3163 se
1855 3134 1870 3150 ·
1935 3113 1994 3164 et
2021 3123 2136 3166 con

1514 3213 1716 3256 uersus
1745 3197 1821 3256 ad
1847 3199 2014 3258 turba

1514 3290 1594 3349 ait
1632 3292 1760 3367 quis
1789 3293 1971 3369 tetigit

1511 3385 1855 3444 uestimenta
1883 3403 2016 3446 mea
2036 3417 2050 3434 ·

1512 3475 1556 3510 ⁸²
1573 3475 1839 3553 discipuli
1868 3489 2062 3538 autem

1509 3570 1660 3630 illius
1689 3571 1889 3632 dicunt
1913 3573 1968 3632 ei

1512 3664 1678 3724 uides
1705 3666 1934 3725 turbam

1513 3761 1979 3837 conprimentem

1510 3861 1565 3911 te
1621 3861 1679 3912 et
1704 3853 1849 3914 dicis
1876 3857 2006 3931 quis

1511 3965 1608 4006 me
1636 3948 1816 4024 tetigit
1833 3979 1850 3996 ·
1900 3947 1945 3982 ³²
1959 3959 2019 4010 et
2039 3951 2133 4011 eii·-

1511 4040 2006 4119 circumspiciebat

1509 4134 1704 4195 uidere
1732 4135 1862 4213 quis
1890 4136 2004 4197 hoc

1511 4226 1724 4288 fecerat
1783 4229 1828 4264 ⁸⁸
1844 4239 1902 4290 et
1927 4231 2070 4291 muli

1510 4342 1574 4383 er
1603 4323 1816 4383 timens
1843 4343 1914 4384 ac
1941 4335 2024 4386 tre

757 4417 962 4479 multa·
991 4419 1069 4480 Et
1077 4421 1495 4498 ⁰⁰¹²primebant
1510 4435 1678 4480 mens
1698 4419 1945 4498 procidit

2334 532 2469 583 ante
2495 522 2657 583 illum
2718 532 2777 583 et
2804 524 2903 583 dix

2332 616 2375 675 it
2402 618 2563 695 quod
2588 615 2807 678 factum

2330 720 2421 771 est
2442 742 2456 757 ·
2500 711 2652 771 ³⁴ihs
2677 728 2819 773 uero
2848 711 2947 773 dix

2330 804 2374 862 it
2400 804 2454 863 ei
2512 814 2760 866 contans
2786 816 2915 867 esto
2934 836 2949 854 ·

2330 896 2445 957 filia
2506 898 2648 959 fides
2676 908 2775 959 tua
2802 908 2861 959 te

2330 990 2549 1051 saluam
2580 992 2713 1053 fecit
2772 1012 2851 1053 ua

2328 1083 2400 1143 de
2428 1085 2489 1143 in
2518 1104 2665 1163 pace
2752 1087 2830 1146 Et
2854 1098 2981 1151 esto

2326 1195 2473 1239 sana
2502 1198 2537 1239 a
2564 1180 2739 1257 plaga
2764 1190 2865 1241 tua
2888 1212 2903 1230 ·

2323 1271 2369 1305 ⁸⁶
2386 1271 2463 1331 Et
2488 1273 2678 1335 adhuc
2704 1292 2779 1335 eo
2807 1274 3026 1353 loquen

2322 1376 2378 1425 te
2398 1396 2413 1413 ·
2479 1368 2719 1427 ueniunt
2746 1368 2822 1428 ad

2322 1458 2794 1539 archisynagogo

2324 1552 2583 1615 dicentes
2643 1556 2783 1633 quia

2324 1646 2441 1706 filia
2466 1657 2567 1707 tua
2592 1660 2825 1709 mortua

2323 1750 2411 1801 est
2473 1740 2615 1818 quid
2641 1742 2759 1803 iam
2784 1760 2901 1804 uex

2322 1850 2419 1897 aas
2446 1836 2791 1913 magistrum
2813 1867 2829 1883 ·
2848 1870 2931 1881 --

2320 1926 2364 1961 ⁸⁸
2384 1926 2485 1987 Ihs
2513 1938 2707 1989 autem
2735 1931 2935 1993 audito

2322 2020 2436 2081 hoc
2465 2023 2648 2083 uerbo
2710 2025 2790 2084 ait

2321 2114 2793 2195 archisynagogo
2814 2149 2830 2165 ·

2320 2208 2441 2269 noli
2469 2210 2669 2271 timere

2320 2304 2733 2365 tuntumrnodo

2320 2397 2491 2457 crede
2510 2428 2525 2445 ·
2568 2397 2615 2431 ⁸⁷
2630 2398 2709 2458 Et
2736 2416 2859 2458 non
2888 2398 2965 2459 ad

2319 2529 2475 2590 misit
2501 2548 2859 2609 quemquam

2320 2625 2484 2700 sequi
2512 2643 2575 2686 se
2634 2625 2747 2684 nisi
2772 2643 2848 2702 pe

2320 2738 2471 2789 trum
2499 2739 2557 2791 et
2585 2732 2796 2791 iacobfi
2816 2764 2901 2778 --

2318 2833 2377 2883 et
2404 2823 2720 2884 iohannem
2748 2824 2837 2884 fra

2320 2927 2467 2980 trem
2494 2919 2783 2978 iacobi-

2318 3011 2363 3046 ⁸⁸
2378 3010 2454 3070 Et
2483 3013 2725 3072 ueniunt
2746 3013 2807 3072 in
2835 3010 3019 3074 domfi

2319 3105 2765 3183 archisynagogi
2786 3139 2867 3150 —-

2318 3199 2395 3259 Et
2422 3200 2620 3260 uident
2646 3202 2877 3261 turbam

2320 3293 2555 3353 flentem
2614 3303 2672 3353 et
2698 3293 2894 3354 lamen

2318 3397 2541 3448 tantem
2568 3388 2815 3447 multum
2834 3419 2849 3436 ·

2314 3480 2359 3516 ⁸⁹
2377 3481 2455 3540 Et
2481 3482 2777 3558 ingressus
2806 3482 2885 3542 ait

2314 3576 2456 3653 quid
2481 3575 2791 3636 turbamini

2312 3679 2373 3732 et
2399 3669 2539 3747 quid
2568 3669 2807 3746 ploratis
2824 3703 2907 3716 --

2314 3762 2507 3842 puella
2533 3779 2657 3822 non
2686 3773 2775 3824 est

2314 3867 2545 3916 mortua
2572 3875 2633 3916 se
2662 3857 2879 3918 dormit

2315 3951 2361 3986 ⁴⁰
2380 3950 2460 4010 At
2488 3951 2567 4010 illi
2594 3951 2929 4012 deridebant

2313 4061 2449 4105 eum
2474 4077 2486 4092 ·
2509 4077 2523 4094 ·
2550 4076 2566 4093 ·
2611 4046 2746 4123 Ipse
2773 4064 2917 4107 uero

2313 4139 2498 4198 eiecta
2524 4140 2693 4199 turba
2720 4139 2783 4200 fo

2312 4233 2392 4293 ris
2421 4265 2436 4280 ·
2500 4233 2770 4296 adsumto

2313 4338 2477 4406 patre
2506 4337 2563 4388 et
2584 4339 2767 4388 matre

2312 4421 2535 4499 puellae
2558 4454 2571 4469 ·
2636 4432 2694 4482 et
2720 4441 2825 4484 eos
2852 4425 2952 4500 qui

3400 357 3489 423 [V.
3514 360 3710 427 17-V1.
3738 375 3791 433 32

3086 542 3289 585 secum
3316 534 3479 585 erant
3501 556 3515 571 ·
3542 558 3557 573 ·

3084 617 3313 678 Introiit
3340 620 3438 677 ubi
3464 628 3589 679 erat

3082 712 3275 789 puella
3300 714 3497 775 iacens
3518 744 3533 761 ·

3082 805 3124 839 ‘¹
3142 804 3217 865 Et
3244 816 3448 867 tenens
3474 824 3719 869 manum

3078 899 3203 959 eius
3228 909 3287 960 et
3314 901 3393 961 ait
3418 900 3497 961 illi
3518 933 3533 947 ·

3080 990 3323 1053 thalitha
3350 996 3509 1055 cumi

3078 1086 3241 1165 quod
3268 1098 3357 1149 est
3384 1089 3637 1167 interpre

3076 1188 3261 1241 tatum
3322 1181 3511 1260 puella
3536 1184 3579 1243 ti

3078 1274 3135 1332 bi
3165 1274 3299 1335 dico
3326 1293 3575 1352 exsurge
3594 1306 3610 1323 ·

3077 1364 3123 1400 ⁴²
3138 1366 3215 1428 Et
3242 1368 3552 1429 confestim
3578 1388 3655 1431 ex

3078 1462 3322 1522 surrexit
3350 1462 3544 1539 puella

3077 1563 3135 1616 et
3162 1556 3495 1617 ambulabat

3074 1647 3217 1710 Erat
3246 1660 3437 1711 autem
3467 1668 3628 1711 anno

3076 1760 3207 1803 rum
3238 1744 3551 1805 duodecim
3574 1776 3589 1792 ·

3075 1835 3155 1896 Et
3180 1839 3591 1917 obstipuerunt

3075 1947 3285 1991 omnes
3306 1942 3543 2009 stupore

3074 2041 3297 2101 magno
3316 2057 3332 2073 ·
3374 2026 3419 2060 ⁴³
3436 2026 3515 2087 Et
3544 2045 3649 2104 pre

3074 2119 3228 2194 cepit
3253 2118 3365 2181 illis
3392 2130 3457 2181 ut
3486 2138 3565 2181 ne

3072 2227 3175 2273 mo
3203 2212 3372 2274 sciret
3426 2214 3506 2275 Et
3532 2213 3631 2275 dix

3072 2305 3115 2363 it
3142 2305 3267 2365 dari
3294 2306 3620 2371 illi-mandu

3072 2417 3318 2461 care-n
3380 2401 3579 2465 e.¹Et
3603 2421 3773 2482 egres

3072 2551 3171 2594 sus
3197 2535 3335 2596 inde
3395 2536 3536 2598 abiit
3563 2536 3625 2598 in

3071 2630 3321 2707 patriam
3350 2647 3520 2692 suam
3542 2662 3557 2678 ·

3072 2731 3129 2781 et
3158 2726 3539 2800 sequebantur
3562 2731 3639 2790 eii

3072 2815 3337 2895 discipuli
3362 2819 3487 2878 eius
3506 2850 3522 2866 ·

3071 2906 3094 2940 ⁹
3108 2909 3186 2969 Et
3214 2911 3305 2974 die
3334 2913 3579 2972 sabbato
3610 2929 3721 2974 coe

3069 3005 3153 3082 pit
3179 3004 3240 3063 in
3270 3023 3574 3084 synagoga
3600 3006 3682 3070 do

3068 3115 3200 3158 cere
3282 3111 3340 3160 et
3366 3102 3533 3162 multi
3561 3119 3639 3166 au

3065 3191 3287 3254 dientes
3314 3195 3539 3258 admira

3066 3287 3277 3349 bantur
3303 3290 3365 3348 in
3392 3289 3577 3352 doctri

3065 3399 3207 3440 narn
3232 3381 3381 3442 illius
3402 3414 3419 3431 ·
3478 3401 3687 3448 omnes

3064 3475 3321 3537 dicentes
3348 3477 3505 3540 unde

3062 3569 3198 3629 huic
3225 3571 3333 3633 hec
3362 3581 3420 3632 et
3452 3590 3601 3650 quae

3066 3674 3153 3724 est
3182 3666 3463 3742 sapientia
3490 3685 3607 3744 que

3066 3757 3200 3818 data
3226 3771 3314 3820 est
3338 3760 3419 3820 illi
3447 3771 3511 3822 ut
3537 3761 3628 3822 uir

3064 3863 3215 3914 tutes
3244 3855 3350 3916 iste
3378 3873 3485 3933 per
3504 3873 3605 3916 ma

3065 3965 3175 4007 nus
3204 3949 3328 4008 eius
3358 3949 3589 4012 effician

3062 4051 3157 4101 tur
3174 4074 3189 4089 ·
3233 4043 3255 4076 ⁸
3271 4061 3473 4104 nonne
3500 4045 3607 4104 iste

3064 4145 3153 4195 est
3180 4135 3339 4197 saber
3356 4137 3505 4199 filius

3064 4232 3280 4291 mariae
3302 4263 3319 4278 ·
3374 4231 3546 4294 frater

3064 4335 3261 4384 autem
3288 4326 3480 4387 iacobi
3498 4343 3526 4375 ··
3582 4338 3640 4387 et

3062 4419 3269 4497 ioseph
3292 4452 3307 4468 ·
3368 4430 3425 4480 et
3451 4421 3619 4484 iudae
3644 4453 3657 4466 ·

3810 538 3937 589 Fnl.
3958 539 4089 591 18⁶1.
