4373 5048
484 496 609 547 1¹01,
643 498 737 549 85.

794 332 881 399 74

795 493 874 555 ad
902 492 1175 571 angelum
1200 524 1215 541 ·
1278 510 1400 571 quo

796 588 979 649 modo
1010 588 1115 647 erit
1142 587 1258 647 hoc
1284 618 1301 635 ·

795 683 961 763 quod
988 683 1180 741 uirum
1208 699 1332 740 non

796 778 939 839 noui
962 809 977 824 ·
1006 777 1051 811 ⁸⁸
1072 777 1151 836 Et
1176 787 1379 853 respon

798 872 947 932 dens
974 870 1220 948 angelus
1249 870 1395 929 dixit

798 966 879 1025 illi
900 998 915 1013 ·
974 970 1079 1041 sps
1108 972 1203 1024 scs
1232 974 1397 1041 super

799 1061 998 1119 ueniet
1024 1060 1086 1118 in
1114 1068 1171 1119 te
1238 1059 1317 1117 Et

798 1155 980 1214 uirtus
1008 1153 1273 1213 altissimi

800 1248 1157 1308 inumbrabit
1190 1246 1295 1305 tibi
1314 1277 1329 1294 ·

800 1342 1065 1419 Ideoque
1092 1350 1151 1401 et
1177 1340 1341 1418 quod

800 1446 1070 1495 nascetur
1098 1440 1225 1494 scm

798 1530 1103 1590 uocabitur
1130 1528 1282 1588 filius

800 1624 861 1684 di
879 1655 892 1670 ·
936 1623 981 1657 ⁸⁸
996 1623 1073 1682 Et
1098 1642 1239 1683 ecce
1264 1620 1451 1681 helisa

803 1716 945 1777 beth
973 1726 1228 1793 cognata
1257 1727 1357 1774 tua

806 1820 865 1871 et
892 1811 1021 1887 ipsa
1048 1810 1325 1886 concepit

806 1906 989 1964 filium
1018 1904 1079 1962 in
1108 1922 1284 1964 senec

806 2009 928 2059 tute
956 2016 1063 2057 sua
1086 2030 1101 2044 ·
1165 2007 1223 2056 et
1249 1997 1344 2055 hic

806 2093 1026 2153 mensis
1053 2084 1142 2151 est
1171 2100 1370 2151 sextus
1392 2120 1407 2136 ·

806 2186 889 2245 illi
916 2187 1016 2263 qui
1042 2194 1286 2245 uocatur

808 2279 1030 2340 sterelis
1053 2312 1068 2327 ·
1112 2280 1155 2313 ³⁷
1173 2279 1313 2357 quia

803 2430 934 2470 non
959 2421 1046 2471 est
1073 2410 1414 2487 inpossibile

802 2506 883 2567 d6
912 2523 1088 2566 omne
1114 2504 1360 2564 uerbum
1390 2535 1405 2550 ·

802 2597 847 2634 ⁸⁸
864 2599 1027 2658 Dixit
1054 2609 1235 2658 autem
1262 2597 1448 2656 maria

802 2712 944 2754 ecce
973 2691 1187 2752 ancilla
1214 2691 1314 2750 dni
1343 2707 1462 2750 con

798 2788 988 2865 tingat
1012 2787 1155 2845 mihi
1184 2784 1488 2846 secundu-

798 2883 1046 2942 uerbum
1074 2889 1238 2939 tuum
1261 2911 1276 2926 ·
1339 2889 1399 2938 et

801 2975 1059 3036 discessit
1086 2976 1167 3034 ab‘
1191 2973 1285 3032 illa
1314 2991 1391 3032 an
1411 2989 1507 3040 fine

768 3069 975 3146 †gelus
992 3100 1007 3116 ·
1056 3073 1093 3131 †
1112 3054 1507 3145 ²'’E'xsurgens

802 3173 999 3223 autem
1027 3147 1210 3221 maria
1238 3163 1299 3220 in
1328 3163 1423 3222 die

802 3257 915 3316 bus
942 3255 1051 3314 illis
1081 3256 1217 3326 abiit
1246 3257 1307 3313 in

803 3359 1087 3408 montana
1114 3365 1253 3408 cum
1280 3348 1411 3407 festi

800 3442 1041 3501 natione
1066 3442 1127 3500 in
1156 3442 1385 3502 ciuitate

799 3535 1006 3596 iudeae
1032 3567 1045 3582 ·
1089 3535 1209 3596 ⁴’et
1241 3536 1477 3596 intrauit

722 3621 729 3629 “
798 3629 861 3688 in
891 3629 1135 3688 domum
1164 3629 1467 3690 zachariae

800 3733 859 3782 et
886 3723 1155 3782 salutauit
1182 3723 1461 3784 elisabeth
1484 3756 1499 3772 ·

802 3813 847 3850 ⁴¹
864 3825 924 3875 et
949 3816 1167 3876 factum
1196 3828 1285 3876 est
1311 3829 1375 3878 ut
1404 3837 1480 3880 au

800 3910 945 3970 diuit
974 3911 1319 3972 salutatione

803 4005 1020 4063 mariae
1046 4004 1367 4066 helisabeth
1384 4038 1399 4054 ·

802 4098 1081 4162 exultauit
1106 4098 1297 4160 infans

802 4193 867 4256 in
897 4203 1061 4254 utero
1089 4193 1213 4254 eius

2156 314 2400 379 SECD
2421 348 2436 365 ·

1550 490 1629 552 Et
1656 492 1878 570 repleta
1904 502 1991 553 est
2020 498 2132 569 spu

1552 594 1657 648 sco
1679 587 1961 647 elisabeth
1984 618 1999 633 ·
2042 587 2175 646 “Et

1552 682 1899 742 exclamauit
1926 698 2075 741 uoce

1552 793 1773 853 magna
1802 784 1859 834 et
1888 776 2031 834 dixit
2056 805 2071 821 ·

1554 868 1877 928 Benedicta
1906 878 1971 928 tu
1997 870 2147 928 inter

1554 962 1823 1022 mulieres
1842 994 1857 1009 ·
1914 963 1992 1020 Et
2020 964 2093 1021 be

1555 1058 1820 1116 nedictus
1850 1056 2069 1116 fructus

1554 1150 1774 1211 uentris
1804 1151 1884 1210 tui
1904 1182 1917 1197 ·
1960 1149 2099 1208 “Et
2126 1166 2208 1207 un

1554 1246 1631 1306 de
1658 1243 1773 1305 hoc
1801 1244 1945 1303 mihi
2010 1252 2075 1303 ut
2100 1260 2177 1301 ue

1555 1339 1679 1399 niat
1704 1349 1891 1397 mater
1919 1340 2021 1398 dni
2048 1336 2167 1395 mei

1556 1434 1632 1493 ad
1658 1451 1755 1493 me
1817 1434 1862 1467 ⁴⁴
1878 1434 2040 1492 Ecce
2070 1430 2219 1490 eni-

1556 1538 1619 1586 ut
1646 1527 1799 1587 facta
1824 1537 1912 1587 est
1939 1544 2061 1586 uox
2090 1542 2157 1585 sa

1556 1622 1850 1682 lutationis
1880 1632 1977 1680 tue
2005 1621 2065 1679 in

1558 1717 1791 1775 auribus
1816 1717 1964 1775 meis
1988 1747 2003 1763 ·
2062 1736 2135 1777 ex

1556 1810 1758 1868 ultauit
1785 1810 1848 1868 in
1874 1808 2089 1886 gaudio

1559 1902 1752 1961 infans
1779 1904 1839 1961 in
1867 1913 2034 1963 utero
2062 1919 2200 1962 meo
2223 1934 2236 1949 ·

1558 1998 1670 2057 “et
1698 1999 1869 2058 beata
1897 2015 2049 2076 quae
2075 1995 2244 2057 credi

1560 2092 1689 2153 disti
1713 2124 1727 2138 ·
1792 2099 1935 2171 qum
1964 2095 2109 2169 perfi

1560 2187 1783 2247 cientur
1808 2206 1879 2247 ea
1906 2207 2057 2266 quae
2085 2189 2179 2252 dic

1560 2290 1620 2339 ta
1648 2272 1781 2373 s'unt
1808 2282 1911 2341 tibi
1940 2302 1975 2341 a
1996 2283 2117 2345 dr'io

1559 2411 1605 2445 ⁴⁰
1618 2410 1695 2470 Et
1722 2411 1865 2471 dixit
1892 2415 2075 2473 maria
2100 2433 2242 2494 mag

1558 2491 1757 2564 nificat
1784 2508 1977 2568 anima
2004 2528 2137 2569 mea

1559 2599 1703 2658 dfim
1744 2601 1789 2634 ‘⁷
1806 2610 1864 2660 et
1891 2603 2168 2663 exultauit

1558 2699 1660 2770 sps
1687 2712 1853 2754 meus
1881 2697 1941 2756 in
1970 2697 2049 2756 do
2078 2715 2146 2758 sa

1555 2786 1721 2846 lutari
1748 2807 1884 2849 meo
1908 2821 1923 2836 ·
1967 2792 2011 2824 ⁴⁸
2026 2793 2165 2868 quia

1546 2873 1809 2958 'respexit
1836 2882 2098 2945 humilita

1555 2983 1674 3034 tem
1702 2977 1942 3037 ancillae
1971 2995 2112 3038 suae
2135 3011 2151 3028 ·

1553 3069 1712 3129 Ecce
1733 3071 1889 3130 enim
1912 3091 1987 3132 ex
2008 3073 2120 3134 hoc
2145 3076 2257 3134 bea

1554 3171 1676 3222 tam
1704 3182 1800 3222 me
1830 3165 2023 3225 dicent
2052 3185 2154 3227 om

1554 3275 1661 3316 nes
1687 3261 2096 3333 generationes
2116 3293 2131 3308 ·

1552 3350 1597 3382 ⁴⁹
1609 3349 1764 3422 Quia
1786 3350 1918 3410 fecit
1936 3354 2077 3414 mihi
2094 3375 2236 3434 mag

1554 3461 1631 3502 na
1658 3445 1758 3521 qui
1786 3456 1995 3522 potens

1553 3547 1643 3596 est
1663 3570 1678 3584 ·
1742 3548 1799 3599 et
1827 3547 1953 3600 scm
1982 3561 2202 3605 nomen

1551 3631 1677 3692 eius
1700 3663 1715 3680 ·
1760 3633 1805 3666 ⁵⁰
1821 3643 1879 3693 et
1907 3636 2101 3697 miseri

1551 3727 1752 3786 cordia
1780 3729 1902 3788 eius
1929 3730 1989 3789 in
2018 3749 2126 3809 pro

1551 3822 1785 3899 geniem
1814 3833 1873 3883 et
1904 3843 2091 3906 proge

1551 3918 1709 3974 niem
1736 3917 2073 3978 timentibus

1553 4027 1689 4069 eum
1710 4041 1725 4056 ·
1766 4010 1811 4043 ⁵²
1830 4011 1962 4071 fecit
1988 4032 2069 4089 po

1552 4103 1791 4162 tentiam
1818 4104 1877 4162 in
1906 4106 2145 4170 brachio

1553 4213 1661 4258 suo
1681 4229 1694 4244 ·
1745 4198 2035 4278 Disparsit

2363 492 2652 570 superbos
2679 504 2876 553 mente

2365 587 2560 646 cordis
2587 588 2850 663 ipsorum

2363 677 2410 715 ⁸²
2427 680 2724 757 Deposuit
2747 690 3018 758 potentes

2363 772 2440 834 de
2467 776 2610 833 sede
2679 786 2738 834 et
2767 777 2960 835 exalta

2364 869 2448 927 uit
2475 866 2720 928 humiles
2741 900 2756 915 ·
2799 869 2842 903 ⁸⁸
2861 886 2968 929 esu

2363 962 2577 1021 tientes
2604 962 2867 1039 impleuit

2365 1054 2536 1115 bonis
2557 1086 2572 1101 ·
2631 1066 2690 1116 et
2717 1057 2928 1117 diuites

2366 1148 2582 1209 dimisit
2611 1150 2818 1211 inanes
2841 1182 2856 1197 ·

2365 1241 2410 1276 ⁸⁴
2429 1242 2693 1320 Su³cepit
2720 1244 2792 1303 isi
2819 1250 3004 1322 pueri’t

2365 1354 2539 1396 suum
2561 1368 2576 1383 ·
2635 1324 2902 1397 memora

2363 1430 2412 1489 ri
2434 1430 2868 1492 misericordiae

2365 1524 2411 1557 ⁸⁸
2427 1526 2579 1585 sicut
2597 1525 2828 1587 locutus
2857 1536 2949 1586 est

2365 1619 2443 1679 ad
2469 1628 2661 1696 patres
2692 1630 2919 1680 nostros

2366 1712 2646 1772 abraham
2673 1724 2733 1773 et
2761 1714 2908 1773 semi

2367 1806 2428 1864 ni
2455 1808 2579 1867 eius
2607 1809 2668 1866 in
2695 1808 2892 1868 secula
2911 1840 2926 1856 ·

2365 1898 2410 1932 ⁸⁸
2428 1898 2646 1960 Mansit
2674 1914 2870 1962 autem
2900 1922 3000 1963 ma

2366 1993 2452 2051 ria
2479 2011 2614 2051 cum
2644 1994 2741 2053 illa
2770 2014 2909 2055 men

2367 2086 2526 2146 sibus
2553 2088 2736 2147 tribus
2804 2098 2864 2149 et

2365 2196 2597 2241 reuersa
2625 2192 2713 2241 est
2742 2182 2802 2241 in
2831 2182 2911 2243 do

2365 2290 2467 2332 mo
2497 2292 2602 2333 sua
2621 2306 2634 2321 ·
2675 2271 2722 2309 ⁶⁷
2737 2275 3038 2336 Elisabeth

2365 2414 2562 2463 autem
2590 2405 2860 2483 impletus
2889 2418 2978 2468 est

2363 2506 2597 2574 tempus
2627 2500 2892 2576 pariendi

2363 2601 2422 2651 et
2449 2595 2676 2669 peperit
2703 2593 2886 2653 filium
2906 2627 2921 2642 ·

2362 2684 2406 2718 ⁸⁸
2425 2694 2483 2744 et
2509 2686 2814 2746 audierunt
2841 2689 3019 2749 uicini

2362 2787 2422 2838 et
2448 2781 2686 2856 cognati
2713 2780 2838 2840 eius
2861 2813 2876 2828 ·
2929 2783 3068 2861 quia

2361 2872 2758 2948 magnificauit
2785 2875 2896 2935 dr’is

2361 2966 2757 3027 misericordia
2787 2987 2894 3029 sua

2362 3075 2499 3117 cum
2529 3079 2632 3119 ea·
2693 3073 2752 3121 et
2778 3075 3064 3140 congratu

2361 3151 2630 3212 labantur
2655 3155 2710 3214 ei
2735 3187 2750 3202 ·
2793 3155 2838 3190 ⁸⁸
2862 3157 2940 3216 Et
2969 3159 3062 3218 sac

2359 3254 2486 3304 tum
2514 3256 2602 3305 est
2627 3248 2690 3306 in
2718 3249 2813 3308 die
2847 3261 3062 3312 octauo

2359 3349 2422 3397 ut
2449 3341 2717 3400 uenirent
2743 3353 2800 3402 et
2828 3345 2911 3404 cir

2359 3434 2755 3494 cumciderent
2782 3456 2897 3514 pue

2355 3545 2486 3586 rum
2505 3559 2520 3573 ·
2563 3538 2621 3588 et
2647 3542 3006 3592 uocauerunt

2356 3638 2493 3680 eum
2522 3621 2583 3679 in
2612 3624 2856 3684 nomine
2883 3644 2962 3703 pa

2355 3713 2458 3772 tris
2483 3714 2610 3774 eius
2639 3717 2957 3778 zacharia*
2977 3751 2992 3766 ·

2355 3805 2402 3840 ⁸⁰
2417 3805 2494 3865 Et
2521 3811 2890 3885 respondens
2917 3831 3018 3872 ma

2358 3908 2444 3958 ter
2471 3901 2594 3960 eius
2622 3902 2764 3960 dixit
2785 3935 2800 3950 ·
2845 3923 2968 3965 non
2991 3937 3006 3954 ·

2356 3997 2460 4058 sed
2469 4001 2948 4062 uocabituriohan
2953 4023 3060 4066 nes
3071 4039 3086 4053 ·

2356 4095 2396 4129 ⁸¹
2417 4107 2474 4154 et
2492 4096 2761 4158 dixerunt
2779 4101 2854 4160 ad
2875 4102 3020 4162 illa-
3041 4135 3056 4152 ·

2355 4205 2534 4250 nemo
2561 4201 2650 4252 est
2676 4191 2738 4253 in
2765 4196 3002 4272 cognati

2858 4305 2934 4350 ne
2961 4297 3061 4351 tua

3548 336 3615 403 [1-
3651 348 3835 405 34-70·

3114 495 3216 573 qui
3244 504 3488 555 uocatur
3515 494 3630 555 hoc

3113 589 3356 649 nomine
3379 620 3394 636 ·
3437 586 3482 623 ⁸²
3497 590 3686 649 Innue

3116 684 3260 742 bant
3285 694 3483 743 autem
3509 694 3568 742 et
3595 682 3746 760 patri

3115 777 3242 836 eius
3269 794 3446 854 quem
3475 777 3648 837 uellet

3115 872 3316 930 uocari
3333 890 3470 930 eum
3487 902 3502 919 ·
3545 871 3588 905 ⁸⁸
3604 880 3663 931 et
3682 888 3825 932 acce

3119 966 3205 1042 pit
3229 966 3572 1042 pugillarem
3601 975 3660 1025 et

3121 1060 3350 1136 scripsit
3375 1060 3578 1120 dicens
3596 1092 3611 1107 ·
3671 1060 3730 1120 io

3121 1152 3348 1213 hannes
3375 1166 3464 1213 est
3491 1172 3710 1215 nomen

3121 1248 3245 1307 eius
3303 1256 3364 1307 et
3389 1249 3576 1307 mirati
3605 1258 3740 1308 sunt

3122 1359 3331 1401 omnes
3362 1374 3375 1388 ·
3397 1374 3412 1389 ·
3443 1344 3732 1419 “Apertii

3121 1446 3210 1495 est
3237 1436 3431 1495 statim
3459 1454 3529 1495 os
3559 1437 3682 1496 eius

3120 1539 3178 1589 et
3207 1530 3406 1606 lingua
3461 1540 3520 1590 et
3545 1531 3721 1608 loque

3120 1624 3288 1683 batur
3315 1623 3672 1683 benedicens

3121 1716 3224 1776 dffi
3245 1749 3262 1765 ·
3301 1718 3347 1751 ⁸⁸
3362 1727 3420 1777 et
3447 1718 3632 1778 factus
3657 1728 3748 1781 est

3119 1813 3298 1871 timor
3323 1830 3498 1889 super
3525 1830 3628 1871 om

3119 1924 3226 1965 nes
3253 1906 3482 1965 uicinos
3509 1912 3654 1966 eoru
3673 1938 3688 1953 ·

3118 2008 3176 2058 et
3204 2016 3380 2077 super
3408 2000 3606 2059 omnia
3633 2012 3768 2061 m0n

3116 2101 3257 2150 tana
3281 2092 3487 2153 iudeac
3514 2093 3676 2154 diuul

3116 2187 3406 2262 gabantur
3434 2187 3580 2247 haec

3115 2280 3320 2339 omnia
3345 2281 3526 2340 uerba
3547 2312 3564 2327 ·

3116 2412 3160 2445 ⁶⁸
3176 2411 3254 2471 Et
3280 2422 3602 2489 posuerunt
3629 2430 3734 2475 om

3119 2522 3225 2565 nes
3253 2507 3352 2584 qui
3380 2507 3681 2568 audierant

3117 2599 3181 2658 in
3207 2602 3386 2660 corde
3413 2619 3522 2661 suo
3550 2602 3722 2662 dicen

3116 2702 3204 2752 tes
3287 2695 3428 2772 quid
3453 2697 3654 2774 utique

3115 2787 3222 2847 erit
3250 2807 3395 2864 puer
3421 2790 3528 2848 iste
3554 2800 3613 2849 et

3117 2882 3274 2941 enim
3302 2900 3511 2942 manus
3539 2883 3641 2944 dni

3114 2993 3251 3035 cum
3279 2976 3379 3037 illo
3399 2983 3434 3040 †
3477 2979 3596 3037 “et
3625 2997 3693 3038 za

3161 3066 3258 3118 fine
3281 3068 3432 3120 lectio
3453 3071 3526 3120 sei
3547 3069 3756 3122 iohanni

3111 3159 3339 3219 chat-ias
3367 3171 3532 3239 pater
3557 3165 3682 3223 eius

3111 3255 3383 3331 impletus
3412 3267 3499 3315 est
3525 3261 3638 3332 spu

3112 3354 3217 3408 sco
3244 3358 3301 3408 et
3327 3349 3650 3427 profetabat

3111 3440 3314 3502 dicens
3346 3474 3361 3489 ·
3391 3444 3446 3477 ⁴⁸
3465 3443 3728 3506 Benedic

3073 3589 3078 3594 ,
3112 3544 3204 3594 tus
3233 3535 3345 3596 dfis
3373 3537 3442 3596 ds
3469 3539 3540 3598 isl
3561 3569 3576 3585 ·
3599 3540 3738 3617 quia

3109 3631 3360 3690 uisitauit
3387 3640 3446 3690 et
3474 3631 3608 3692 fecit

3109 3725 3529 3786 redemtionem
3557 3727 3653 3804 ple

3109 3819 3200 3878 bis
3229 3837 3368 3879 suae
3391 3852 3404 3865 ·
3467 3820 3512 3852 ⁸⁹
3529 3831 3586 3878 et
3612 3821 3794 3880 erexit

3107 3930 3358 3972 cornum
3386 3913 3584 3973 salutis
3617 3932 3699 3974 no

3106 4008 3196 4066 bis
3264 4009 3326 4066 in
3354 4008 3536 4068 domo
3563 4008 3746 4070 dauid

3109 4103 3274 4180 pueri
3303 4102 3392 4162 sui
3413 4127 3428 4142 ·
3490 4101 3536 4136 '¹⁰
3553 4103 3702 4163 sicut

3109 4195 3337 4256 locutus
3373 4205 3459 4256 est
3488 4215 3594 4274 per
3619 4213 3692 4258 os

3109 4295 3346 4350 scotum
3370 4289 3666 4368 profetart‘i

3883 506 4020 557 1⁸01.
4047 508 4142 558 ΘΒ.
