4373 5048
611 379 656 428 1.
686 379 854 433 21-11.
882 376 954 445 7.]

317 572 442 623 ποι.
461 573 585 623 158.
606 559 670 619 in
698 579 1062 639 synagogam
1090 559 1173 620 do

607 656 778 715 cebat
805 656 938 715 illos
1021 652 1066 689 ²²
1083 663 1140 714 et
1167 663 1262 715 stu

605 749 828 825 pebant
857 766 1033 827 super
1060 749 1175 809 doc

605 842 814 901 trinam
841 844 966 901 eius
985 875 1072 888 —-

603 934 746 995 Erat
773 937 932 996 enim
959 936 1182 997 docens

605 1030 752 1089 sicut
781 1039 1129 1107 potestatem

604 1120 832 1182 habens
914 1134 973 1183 et
1001 1141 1121 1183 non
1151 1124 1199 1183 si

604 1225 705 1275 cut
733 1218 956 1276 scribae
976 1250 989 1263 ·
1011 1248 1026 1265 ·
1052 1250 1066 1265 ·
1123 1215 1168 1250 Β
1188 1217 1268 1279 Et

603 1320 724 1369 erat
751 1312 810 1369 in
842 1330 1146 1390 synagoga

603 1421 808 1463 eorum
835 1404 1016 1465 homo

602 1499 702 1574 qui
730 1498 983 1559 habebat
1009 1504 1144 1578 spm

601 1591 954 1653 inmundum
1034 1593 1112 1653 Et

603 1686 876 1745 clamauit
957 1684 1002 1719 '⁴
1020 1688 1222 1749 dicens
1238 1719 1256 1737 ·

602 1778 742 1858 quid
769 1780 940 1840 nobis
969 1791 1028 1842 et
1054 1784 1154 1842 tibi

599 1874 700 1933 ihu
729 1892 1055 1935 nazorenae

599 1968 807 2027 uenisti
834 1969 1074 2046 perdere

599 2080 709 2121 nos
734 2092 748 2109 ·
808 2062 932 2121 scio
959 2073 1018 2123 te
1045 2064 1144 2142 qui
1171 2082 1236 2125 es

599 2162 694 2215 scs
722 2156 781 2216 di
799 2186 814 2201 ·
895 2154 942 2189 ²⁸
960 2166 1018 2216 et
1043 2159 1202 2237 impe

597 2250 744 2309 rauit
771 2250 849 2309 illi
876 2251 966 2312 ihs
999 2251 1057 2310 di

597 2361 740 2404 cens
819 2346 1156 2407 obmutesce

596 2448 656 2497 et
681 2439 775 2498 exi
804 2439 875 2499 de
903 2440 1139 2501 homine

598 2577 700 2648 sps
733 2573 1017 2633 inmunde
1040 2604 1055 2621 ·

598 2667 644 2700 ²⁸
659 2677 720 2725 et
745 2668 1044 2726 concussit
1071 2667 1172 2728 illii

600 2765 701 2836 sps
721 2760 1036 2822 inmundus
1055 2792 1070 2808 ·

598 2862 656 2912 et
683 2854 944 2914 clamans
969 2873 1118 2915 uoce

598 2965 818 3024 magna
846 2949 1025 3008 exiuit
1052 2951 1129 3009 ab
1154 2966 1229 3009 eo

598 3038 643 3074 ²⁷
659 3041 1022 3103 Mirabantur
1049 3048 1183 3103 aute

597 3153 806 3196 omnes
832 3146 890 3195 et
917 3137 1133 3214 conqui

598 3229 802 3289 rebant
828 3249 978 3308 quae
1007 3239 1160 3291 esset

599 3323 862 3384 doctrina
889 3325 998 3384 ista
1025 3343 1104 3385 no

597 3434 674 3476 ua
697 3449 710 3463 ·
757 3434 894 3476 cum
920 3427 1205 3495 potestate
1230 3449 1246 3466 ·

597 3520 653 3569 et
681 3511 817 3588 quia
844 3512 1137 3588 spiritibus

597 3604 894 3664 inmundis
926 3606 1082 3682 impe

599 3707 688 3756 rat
715 3707 772 3757 et
799 3699 1122 3758 obaudiunt

596 3792 650 3850 ei
673 3824 688 3839 ·
711 3823 724 3838 ·
774 3789 817 3824 ’Β
839 3793 917 3851 Et
944 3793 1082 3852 exiit
1111 3811 1178 3852 ru

595 3903 728 3944 mor
751 3885 846 3945 hic
871 3887 1087 3964 ubique

598 3979 756 4040 circa
782 3981 1054 4057 regiones
1081 3998 1159 4058 ga

595 4072 760 4134 lileae
784 4103 800 4120 ·
883 4071 928 4108 ²⁹
943 4091 1210 4150 egressus

596 4175 790 4226 autem
820 4168 1100 4228 continuo

596 4259 671 4319 de
701 4278 1004 4338 synagoga
1031 4279 1106 4321 ue

591 4353 678 4412 nit
703 4353 766 4412 in
795 4353 1037 4414 domum

593 4447 834 4508 simonis
862 4457 920 4508 et
945 4447 1196 4510 andreae

1923 386 2059 449 MA
2069 386 2271 450 RCU
2281 418 2295 435 ·
3494 413 3521 458 1
3540 414 3567 457 1
3578 414 3621 486 3

1369 559 1524 621 Cum
1553 560 1764 621 iacobo
1786 571 1844 622 et
2174 563 2316 641 quia
2341 581 2552 623 omnes
2580 582 2729 642 quae
2927 564 3237 627 Manifeste
3264 568 3325 626 in
3352 569 3465 628 ciui
3649 587 3772 636 τοι.
3794 587 3913 638 157.

1366 653 1624 713 iohanne
1642 686 1658 702 ·
1741 654 1787 689 ³⁰
1803 656 1928 716 iace
2171 668 2309 718 runt
2336 667 2394 718 te
2416 690 2431 705 ·
2456 690 2470 707 ·
2514 657 2558 691 ⁸⁸
2576 668 2633 718 et
2662 659 2739 717 ait
2766 658 2807 717 il
2922 668 3101 719 tatem
3127 662 3359 722 introire
3382 694 3397 709 ·

1365 748 1466 807 bat
1495 758 1690 808 autern
1719 768 1789 809 so

1363 860 1497 901 crus
1525 843 1766 903 simonis
1791 841 1848 903 fe

1362 935 1635 995 bricitans
1717 947 1776 996 et
1803 935 1862 995 di

1362 1040 1504 1090 cunt
1531 1032 1584 1089 ei
1614 1030 1686 1089 de
1713 1030 1808 1089 illa
1827 1060 1842 1076 ·
1863 1063 1878 1079 ·

1359 1122 1404 1156 ⁸¹
1424 1122 1528 1182 Ille
1557 1132 1751 1182 autem
1778 1124 1939 1184 uenit

1359 1226 1418 1275 et
1445 1217 1770 1277 extendens

1358 1329 1600 1370 manum
1639 1311 1820 1389 adpre

1357 1402 1558 1463 hendit
1584 1423 1718 1464 eam
1744 1414 1804 1464 et
1828 1403 1884 1465 le

1355 1499 1516 1558 uauit
1538 1530 1553 1545 ·
1616 1506 1674 1557 et
1701 1499 1843 1558 dimi

1358 1593 1431 1651 sit
1457 1592 1616 1651 illam
1645 1592 1842 1651 statim

1356 1685 1534 1745 febris
1572 1694 1629 1746 et
1661 1686 1816 1745 mnis

1357 1781 1542 1839 trabat
1568 1780 1676 1839 illis
1695 1810 1710 1826 ·
1731 1812 1816 1823 —-

1354 1870 1400 1907 ³²
1415 1874 1568 1933 Cum
1597 1883 1791 1933 autem
1819 1872 1907 1932 sol

1357 1968 1667 2028 occidisset
1694 1967 1812 2027 fere

1355 2064 1497 2123 bant
1525 2062 1601 2121 ad
1628 2079 1766 2121 eum
1792 2080 1894 2121 om

1354 2174 1461 2217 nes
1489 2155 1642 2217 male
1668 2156 1860 2215 haben

1355 2259 1442 2310 tes
1469 2250 1644 2310 uariis
1671 2250 1769 2309 lan

1351 2345 1634 2421 guoribus
1657 2375 1672 2391 ·
1735 2352 1794 2403 et

1353 2448 1413 2499 et
1438 2456 1540 2499 eos
1568 2439 1670 2518 qui
1699 2438 1874 2497 demo

1355 2571 1452 2630 nia
1478 2571 1805 2630 habebant·
1833 2599 1849 2618 ·

1352 2664 1397 2698 ⁸³
1414 2663 1491 2724 Et
1518 2673 1642 2724 erat
1668 2663 1864 2724 omnis
1893 2663 2008 2724 ciui

1353 2767 1442 2819 tas
1471 2760 1833 2818 conueniens

1354 2852 1429 2912 ad
1459 2855 1694 2912 ianuam
1723 2853 1846 2914 eius
1876 2881 1892 2897 ·

1353 2945 1398 2979 ³⁴
1415 2955 1473 3006 et
1501 2949 1722 3006 curauit
1748 2945 1965 3005 multos

1353 3039 1506 3100 male
1535 3039 1818 3101 habentes
1841 3074 1856 3089 ·

1353 3135 1524 3193 uariis
1552 3134 1818 3213 languori

1353 3228 1464 3287 bus
1492 3237 1550 3289 et
1579 3230 1846 3292 demonia

1352 3321 1534 3382 multa
1559 3322 1804 3382 eiciebat
1827 3355 1842 3373 ·

1351 3424 1409 3474 et
1439 3434 1559 3477 non
1589 3417 1816 3478 sinebat
1843 3429 1963 3479 ea-

1349 3507 1511 3585 loqui
1540 3511 1820 3587 quoniam

1351 3604 1614 3662 sciebant
1641 3623 1778 3664 eum
1797 3639 1810 3653 ·
1837 3639 1852 3654 ·

1351 3695 1396 3729 ⁸⁶
1413 3696 1490 3754 Et
1517 3697 1770 3759 diluculo
1799 3711 1966 3760 exflur

1353 3809 1503 3867 gens
1532 3792 1672 3851 abiit
1700 3795 1762 3852 in
1788 3794 1863 3854 de

1353 3895 1570 3944 sertum
1596 3886 1798 3947 locum

1351 3979 1547 4057 ibique
1575 3983 1780 4040 orabat

1351 4073 1394 4108 ⁸⁸
1410 4074 1486 4132 Et
1515 4075 1816 4136 consecuti
1844 4085 1979 4136 sunt

1350 4184 1486 4227 eum
1516 4169 1710 4228 simon
1737 4179 1795 4228 et

1349 4261 1448 4337 qui
1477 4280 1612 4321 cum
1642 4281 1716 4321 eo
1745 4272 1905 4322 erant
1927 4293 1942 4308 ·

1345 4355 1392 4388 ⁸⁷
1408 4354 1487 4414 Et
1515 4374 1650 4416 cum
1677 4357 2032 4416 inuenissent

1345 4467 1482 4509 eum
1510 4449 1710 4511 dicunt
1737 4452 1790 4510 ei

2926 751 3046 813 Sed
3072 752 3210 815 foris
3238 756 3299 814 in
3320 756 3397 816 de

2924 848 3091 907 sertis
3118 848 3261 908 locis
3290 868 3419 910 esse

2921 939 3000 998 Et
3027 944 3460 1005 conueniebant

2920 1034 2998 1092 ad
3025 1052 3159 1093 eum
3186 1037 3442 1113 undique

2170 749 2240 810 lis
2268 769 2471 811 eamus
2498 752 2559 811 in
2586 771 2737 830 prox

2169 844 2351 905 simos
2379 846 2543 906 uicos
2570 855 2628 904 et
2655 847 2709 906 ci

2167 938 2376 999 uitates
2403 941 2481 1000 ad
2508 940 2676 1016 predi

2166 1033 2423 1091 candum
2452 1032 2528 1093 ad
2555 1034 2672 1093 hoc

2166 1126 2325 1184 enim
2354 1126 2488 1186 ueni
2510 1158 2525 1174 ·
2922 1135 2982 1187 2.
3003 1127 3111 1188 ¹Et
3138 1130 3345 1189 iterum
3372 1133 3532 1192 uenit

2165 1218 2211 1254 ⁸⁹
2227 1219 2303 1278 Et
2330 1230 2451 1281 erat
2478 1220 2788 1298 predicans
2921 1240 3278 1299 capernaum
3303 1234 3439 1301 post

2163 1313 2227 1372 in
2254 1316 2568 1392 synagogis
2594 1316 2709 1393 gali
2920 1315 3045 1376 dies
3117 1315 3196 1375 Et
3224 1318 3359 1376 audi

2163 1406 2289 1468 leae
2309 1439 2324 1456 ·
2386 1410 2639 1485 itemque
2669 1408 2742 1469 de

2165 1502 2367 1561 monia
2392 1503 2689 1581 expellens
2710 1534 2725 1550 ·

2163 1594 2211 1627 ⁴⁰
2227 1594 2304 1653 Et
2329 1597 2489 1655 uenit
2517 1596 2595 1657 ad
2620 1615 2758 1657 eum
2778 1596 2834 1658 le

2162 1707 2377 1767 prosus
2404 1690 2587 1768 depre

2163 1801 2306 1843 cans
2332 1802 2467 1843 eum
2502 1794 2560 1844 et
2586 1784 2739 1863 adge

2160 1878 2423 1938 niculans
2452 1897 2513 1938 se
2544 1880 2743 1941 dicens

2161 1971 2210 2031 si
2236 1972 2323 2031 uis
2353 1982 2522 2049 potes
2549 1992 2647 2033 me

2158 2066 2445 2125 mundare
2467 2098 2482 2113 ·
2566 2066 2611 2099 ⁴¹
2630 2068 2713 2127 mi

2159 2168 2345 2220 sertus
2374 2168 2569 2221 autem
2596 2162 2685 2221 ihs
2709 2194 2723 2209 ·

2157 2262 2217 2315 et
2244 2253 2568 2315 extendens
2594 2274 2692 2315 ma

2160 2366 2307 2408 num
2334 2366 2501 2409 suam
2529 2359 2587 2410 et
2614 2360 2715 2409 tan

2156 2460 2305 2518 gens
2332 2461 2468 2502 eum
2496 2442 2572 2503 ait
2598 2444 2675 2502 illi

2918 1418 3043 1468 tum
3072 1419 3159 1470 est
3186 1411 3347 1487 quod

2916 1504 2978 1561 in
3005 1503 3184 1563 domo
3216 1514 3367 1565 esset
3388 1537 3404 1553 ·

2917 1596 2941 1631 ²
2956 1596 3033 1655 Et
3062 1597 3371 1659 confestim
3401 1618 3521 1661 con

2915 1701 3207 1751 uenerunt
3233 1693 3357 1751 mul

2916 1786 2960 1843 ti
2982 1815 2997 1831 ·
3060 1786 3139 1844 ita
3164 1786 3373 1845 utiam
3402 1804 3524 1846 non

2916 1888 3193 1955 caperent
3218 1897 3403 1958 usque

2918 1973 2994 2032 ad
3020 1973 3257 2033 ianuam
3275 2005 3289 2020 ·
3353 1973 3431 2033 Et
3457 1973 3520 2034 lo

2921 2068 3204 2146 quebatur
3230 2069 3307 2128 ad
3334 2086 3440 2127 eos

2920 2163 3197 2221 uerbum·
3242 2161 3263 2194 ³
3280 2161 3358 2220 Et
3383 2180 3458 2220 ue

2860 2265 3072 2315 nerunt
3099 2256 3174 2314 ad
3200 2273 3337 2315 eum
3365 2256 3443 2315 ad

2914 2348 3163 2408 ferentes
3189 2368 3331 2427 para

2913 2443 3150 2521 lyticum
3198 2445 3297 2521 qui
3338 2461 3377 2503 a

2157 2573 2299 2634 uolo
2326 2576 2609 2635 mundare

2158 2665 2206 2701 ⁴¹
2220 2668 2296 2727 Et
2324 2688 2461 2728 cum
2490 2670 2705 2730 diceret

2159 2780 2303 2821 mox
2334 2763 2595 2822 discessit
2621 2766 2698 2824 ab

2160 2873 2235 2915 eo
2264 2856 2423 2935 lepra
2449 2867 2507 2917 et
2535 2876 2679 2916 mun

2159 2949 2329 3009 datus
2357 2960 2483 3009 est·
2540 2951 2680 3010 “Et
2708 2969 2845 3012 com

2161 3044 2413 3103 minatus
2442 3054 2528 3105 est
2560 3047 2613 3105 ei
2640 3046 2731 3105 ihs

2159 3147 2219 3197 et
2248 3139 2438 3198 statim
2466 3139 2678 3199 dimisit

2159 3231 2323 3292 illum
2342 3264 2356 3279 ·
2420 3233 2465 3265 ⁴⁴
2485 3243 2542 3292 et
2568 3234 2707 3295 dicit
2734 3235 2789 3293 ei

2157 3326 2292 3384 uide
2320 3328 2539 3387 nemini
2568 3328 2669 3388 dix

2914 2584 3182 2651 quattuor
3210 2584 3380 2652 porta

2915 2669 3079 2726 batur
3099 2700 3111 2714 ·
3135 2700 3149 2714 ·
3194 2668 3310 2726 ⁴Et
3339 2686 3475 2728 cum

2913 2780 3034 2821 non
3062 2762 3287 2840 possint
3316 2781 3456 2822 acce

2912 2855 3050 2914 dere
3079 2874 3221 2932 prae
3249 2857 3419 2915 turba

2914 2949 3279 3008 nudauerunt
3310 2959 3403 3010 tec

2912 3052 3038 3102 tum
3127 3043 3228 3102 ubi
3256 3053 3379 3102 erat
3407 3043 3495 3103 ihs
3518 3075 3536 3091 ·

2913 3146 2972 3196 et
3004 3137 3375 3196 dimisserunt

2914 3230 3253 3290 orabbatum
3280 3231 3344 3288 in
3373 3249 3490 3308 quo

2913 3337 3262 3415 paralyticus
3289 3337 3415 3396 iace

2158 3420 2273 3479 eris
2295 3453 2309 3468 ·
2398 3420 2513 3480 Sed
2549 3423 2703 3484 uade
2914 3432 3016 3490 bat
3038 3462 3053 3479 ·
3138 3431 3313 3490 ⁶cum
3340 3431 3491 3490 uidis

2157 3514 2403 3574 ostende
2430 3526 2486 3574 te
2515 3535 2676 3577 sacer
2916 3534 3005 3584 set
3032 3533 3229 3584 autem
3256 3524 3345 3584 ihs
3374 3525 3415 3584 fi

2159 3609 2283 3668 doti
2302 3640 2315 3655 ·
2401 3620 2459 3668 et
2487 3611 2699 3672 offeres
2915 3618 3054 3677 dem
3082 3618 3311 3679 illorum

2159 3721 2269 3780 pro
2298 3704 2597 3763 emundati
2915 3713 2995 3772 ait
3023 3711 3339 3789 paralytico

2160 3814 2276 3855 one
2306 3807 2404 3856 tua
2428 3827 2443 3843 ·
2526 3815 2679 3875 quae
2914 3806 2995 3865 fili
3021 3807 3261 3864 remissa
3292 3814 3428 3864 sunt

2158 3891 2456 3968 praecepit
2484 3909 2717 3970 moyses

2158 3985 2221 4043 in
2248 3985 2644 4046 testimonium

2157 4077 2269 4137 illis
2292 4109 2306 4126 ·
2332 4110 2347 4126 ·
2372 4111 2387 4126 ·
2430 4079 2477 4111 ⁴⁶
2495 4079 2633 4157 Ipse
2660 4084 2791 4140 aute

2157 4189 2426 4248 egressus
2451 4173 2642 4250 coepit

2912 3901 3013 3958 tibi
3041 3911 3284 3978 peccata
3312 3909 3413 3958 tua
3433 3931 3516 3942 —

2914 3994 3133 4053 ‘Erant
3166 4003 3364 4053 autem
3391 3993 3491 4070 qui

2914 4089 3053 4148 dam
3081 4088 3153 4147 de
3182 4087 3385 4148 scribis

2914 4183 3180 4242 sedentes
3207 4191 3265 4240 et
3292 4182 3425 4259 cogi

2157 4265 2456 4344 predicare
2483 4276 2541 4325 et
2568 4267 2658 4326 dif
2752 4275 2764 4282 '
2914 4287 3103 4335 tantes
3128 4277 3189 4334 in
3217 4275 3443 4336 cordib³

2155 4358 2374 4419 famare
2404 4367 2673 4421 sermone
2915 4372 3033 4430 suis
3073 4371 3094 4402 ⁷
3116 4370 3257 4446 quid
3284 4369 3390 4426 iste

2155 4451 2247 4512 Ita
2272 4463 2335 4513 ut
2360 4455 2478 4514 iam
2506 4473 2629 4515 non
2658 4458 2845 4534 possit
2912 4463 3216 4524 blasfemat
3295 4462 3427 4541 quis

3235 4574 3274 4627 Q
