4373 5048
687 371 826 423 XIV.
845 364 1067 436 33—XV.
1091 366 1200 433 23.]
2017 355 2372 419 LUCAN·
3616 369 3700 436 97

2343 464 2559 515 secontia
2590 463 2863 516 doment-ca

2349 540 2465 596 post
2486 531 2541 581 xl

369 626 504 677 rol.
527 628 641 676 181.
685 613 982 675 Omnibus
1015 614 1115 692 qui
1143 631 1256 693 pos
1437 612 1702 690 gaudens
1759 612 1782 647 ⁶
1801 622 1859 672 et
1884 612 2022 672 ueni
2197 608 2229 644 *
2246 609 2288 645 ¹²
2307 611 2473 670 Dixit
2506 621 2700 670 autem
2733 610 2823 669 ihs
2997 608 3319 670 Abundant
3345 611 3549 688 panibs
3722 610 3847 660 1¹01·
3872 612 3993 663 182.

683 708 834 768 sidet
901 728 1026 769 non
1054 718 1248 785 potest
1437 725 1543 765 ens
1571 706 1816 767 domum
1844 725 1958 766 con
2197 703 2227 737 *
2244 705 2426 766 homo
2461 705 2699 783 quidam
2998 722 3113 781 ego
3142 714 3337 763 autem
3366 704 3460 763 hic
3489 704 3547 765 fa

683 818 850 861 meus
886 802 1201 878 discipulus
1436 809 1615 859 uocat
1642 802 1864 861 amicos
1893 810 1953 862 et
2196 798 2226 832 *
2245 798 2448 859 habuit
2474 799 2623 858 duos
2652 798 2807 858 filios
2998 814 3095 855 me
3122 815 3301 875 pereo
3321 828 3336 845 ·
3380 796 3423 831 ¹⁸
3440 804 3617 876 surga

679 914 808 955 esse
829 926 844 943 ·
869 927 886 943 ·
907 928 922 943 ·
967 894 1014 929 ⁸⁴
1032 895 1267 956 Bonum
1295 905 1386 957 est
1435 893 1662 953 uicinos
1691 895 1892 953 dicens
2019 902 2028 909 ·
2194 895 2227 931 a·
2245 892 2291 927 ιε
2307 904 2363 953 et
2390 892 2534 951 dixit
2560 892 2858 952 aduliscen
2996 898 3055 949 et
3082 890 3179 949 ibo
3208 890 3283 949 ad
3312 901 3541 969 patrem

680 989 764 1049 sal
790 1020 805 1037 ·
877 990 981 1050 sed
1011 990 1060 1048 si
1088 990 1177 1049 sal
1202 1007 1277 1050 co
1431 986 1544 1046 illis
1567 1018 1582 1033 ·
1649 987 2007 1065 Congratula
2237 987 2351 1046 tior
2376 985 2609 1047 illorum
2636 988 2785 1063 patri
2808 1018 2823 1033 ·
2997 1000 3197 1042 meum
3225 994 3281 1043 et
3309 985 3499 1045 dicam
3527 986 3568 1046 il

678 1098 794 1161 que
821 1083 1120 1143 euanuerit
1138 1115 1153 1130 ·
1434 1081 1580 1139 mini
1607 1100 1840 1141 mecum
1868 1083 2006 1159 quia
2238 1090 2401 1157 pater
2427 1080 2505 1139 da
2530 1079 2672 1139 mihi
2703 1099 2811 1158 por
2994 1077 3035 1136 li
3055 1108 3071 1124 ·
3136 1088 3299 1154 pater
3323 1081 3567 1155 peccaui

678 1176 737 1234 in
765 1194 886 1254 quo
911 1177 1216 1237 condietur
1235 1210 1250 1225 ·
1432 1175 1674 1235 inuenta
1700 1185 1790 1234 est
1814 1177 1942 1236 ouis
2236 1175 2459 1234 tionem
2486 1175 2842 1235 substantiae
2991 1170 3053 1229 in
3082 1172 3310 1231 caelum
3337 1186 3396 1233 et
3424 1187 3613 1235 cora·-

677 1268 723 1303 ’ὅ
740 1288 933 1348 neque
961 1272 1022 1331 in
1051 1281 1200 1331 terra
1223 1304 1236 1319 ·
1433 1286 1566 1327 mea
1593 1286 1745 1345 quae
1773 1271 1931 1346 petie
2236 1285 2389 1344 quae
2416 1286 2513 1327 me
2542 1268 2785 1345 contigit
2802 1300 2817 1315 ·
2992 1273 3049 1324 te
3069 1298 3083 1312 ·
3127 1264 3171 1299 ¹⁹
3188 1267 3305 1327 iam
3332 1270 3457 1327 non
3486 1287 3617 1329 sum

679 1381 869 1444 neque
897 1365 958 1423 in
987 1366 1198 1426 stercili
1431 1372 1520 1422 rat
1539 1394 1554 1409 ·
1580 1395 1594 1410 ·
1644 1362 1668 1395 ⁷
1685 1362 1838 1424 Dico
1867 1365 2036 1425 uobis
2234 1361 2315 1421 Et
2341 1360 2535 1421 diuisit
2562 1363 2803 1421 substan
2989 1359 3203 1437 dignus
3230 1364 3428 1421 uocari
3456 1364 3495 1421 fi

678 1476 762 1517 no
787 1458 927 1518 utile
955 1469 1045 1519 est
1067 1490 1082 1505 ·
1145 1460 1250 1519 sed
1434 1456 1596 1533 quod
1623 1456 1704 1516 ita
1730 1458 1949 1533 gaudia
2236 1455 2377 1513 tiam
2400 1486 2415 1503 ·
2433 1532 2441 1539 α
2458 1452 2503 1487 ¹⁸
2517 1465 2575 1514 et
2602 1475 2723 1515 non
2751 1464 2886 1533 post
2988 1452 3100 1513 lius
3129 1464 3261 1514 tuus
3284 1488 3299 1503 ·
3360 1456 3479 1517 Fac
3508 1476 3607 1519 me

679 1550 836 1613 foras
865 1552 1093 1612 mittent
1119 1559 1194 1612 εὖ
1225 1585 1240 1600 ·
1433 1550 1542 1610 erit
1567 1551 1630 1609 in
1657 1552 1824 1611 caelo
1851 1552 1914 1611 in
1942 1571 1983 1611 u
2235 1548 2451 1607 multos
2470 1549 2595 1608 dies
2664 1568 2781 1610 con
2990 1548 3137 1606 sicut
3162 1566 3345 1608 unum
3373 1569 3501 1611 mer

678 1648 780 1726 qui
806 1646 987 1706 habet
1008 1664 1178 1706 aures
1350 1713 1359 1722 .
1433 1660 1514 1702 no
1541 1654 1850 1720 peccatore
1874 1664 1951 1723 pe
2234 1642 2490 1719 gregatis
2516 1643 2790 1702 omnibus
2813 1674 2828 1689 ·
2988 1644 3401 1703 cennariorum
3429 1655 3493 1705 tu

679 1740 960 1801 audiendi
981 1740 1178 1800 audiat
1197 1767 1282 1795 ω
1432 1737 1738 1797 nitentiam
1765 1739 1843 1797 ha
2234 1735 2661 1796 Aduliscentior
2690 1737 2839 1796 filius
2986 1752 3157 1793 orum
3186 1732 3443 1797 {uorum-

873 1859 956 1886 „e-
1119 1860 1202 1889 m
1431 1829 1672 1891 bentem
1733 1849 1914 1909 quam
2234 1847 2478 1907 peregre
2503 1829 2795 1907 profestus
2986 1824 3032 1861 '⁰
3053 1829 3131 1888 Et
3157 1848 3401 1908 surgens
3426 1833 3590 1894 uenit

626 1923 661 1962 *
680 1932 773 1987 15.
799 1925 1018 1987 ²Era¹²t
1045 1938 1240 1988 autem
1270 1928 1346 1989 ad
1432 1924 1496 1981 in
1523 1926 1845 2001 nonaginta
1871 1944 1954 1985 no
2234 1924 2403 1984 estin
2430 1926 2731 2001 regionem
2989 1922 3064 1981 ad
3093 1934 3315 1999 patrem
3344 1932 3453 1984 suu
3476 1957 3491 1974 ·

626 2020 659 2056 *
680 2022 858 2099 pliciti
883 2022 962 2080 illi
990 2040 1071 2100 pu
1433 2036 1571 2077 uem
1597 2019 1760 2077 iustis
1787 2019 1889 2096 qui
2232 2018 2619 2096 longinquam
2638 2050 2654 2065 ·
2712 2019 2791 2079 Et
2819 2019 2899 2079 ibi
2989 2034 3125 2074 cum
3152 2028 3349 2078 autem
3382 2020 3577 2083 adhuc

629 2116 660 2149 ¹*
680 2116 894 2194 plicani
923 2126 982 2175 et
1009 2134 1191 2193 pecca
1431 2130 1556 2171 non
1583 2112 1846 2190 indigent
1872 2132 1948 2191 pe
2235 2112 2537 2190 dissipauit
2564 2114 2806 2172 substan
2988 2109 3167 2187 longe
3194 2122 3337 2172 e⁸set
3369 2114 3515 2175 uidit

678 2220 836 2270 tores
893 2219 956 2270 ut
989 2211 1256 2273 audirent
1431 2206 1732 2266 nitentiam
1750 2238 1765 2253 ·
1791 2240 1867 2253 -
2232 2206 2373 2265 tiam
2402 2223 2569 2265 suam
2596 2206 2771 2266 uiuen
2986 2204 3147 2264 illum
3176 2218 3341 2283 pater
3370 2226 3511 2269 suus

679 2303 874 2363 illum·
915 2302 1014 2363 ’et
1043 2322 1176 2364 mur
1432 2300 1591 2359 ¹³Aut
1617 2318 1768 2377 quae
1795 2301 2001 2361 mulier
2232 2299 2311 2359 do
2338 2299 2664 2360 luxoriosa'e
2683 2330 2698 2345 ·
2988 2309 3047 2359 et
3073 2300 3373 2363 misericor

678 2398 987 2459 mutabant
1012 2396 1200 2459 farisei
1429 2393 1654 2454 habens
1687 2394 1962 2474 dragmas
2985 2392 3083 2452 dia
3109 2404 3304 2455 motus
3330 2406 3421 2457 est
3443 2429 3458 2446 ·

676 2540 736 2589 et
763 2530 988 2590 scribae
1015 2530 1275 2592 dicentes
1430 2527 1635 2587 decem
1663 2529 1712 2587 si
1740 2528 1906 2606 perdi
2232 2523 2278 2558 ¹⁴
2295 2522 2375 2583 Et
2400 2535 2712 2604 postquam
2742 2545 2843 2587 om
2938 2521 3016 2585 Et
3043 2526 3375 2590 Accurrens
3405 2533 3525 2592 ceci

677 2623 836 2700 quod
866 2623 962 2684 hic
990 2636 1237 2702 peccato
1427 2621 1572 2681 derit
1603 2640 1786 2681 unam
1847 2641 1970 2682 non
2238 2619 2337 2680 nia
2357 2623 2680 2680 consumsit
2698 2653 2714 2668 ·
2990 2619 3073 2679 dit
3100 2638 3277 2700 supra
3307 2625 3528 2685 collum

674 2735 768 2777 res
795 2718 1077 2794 reciperet
1105 2730 1165 2779 et
1425 2733 1502 2774 ne
1535 2716 1802 2776 accendit
1830 2716 1989 2776 lucer
2242 2714 2395 2774 facta
2421 2725 2511 2774 est
2538 2714 2707 2774 famis
2736 2733 2815 2775 ua
2986 2713 3112 2773 eius
3139 2725 3197 2775 et
3225 2719 3523 2778 osculatus

677 2811 1052 2871 manducaret
1073 2830 1211 2872 cum
1424 2826 1567 2868 nam
1641 2820 1698 2868 et
1725 2810 1921 2888 scopis
2239 2808 2356 2868 lida
2383 2827 2488 2885 per
2512 2808 2755 2886 regione
2983 2816 3076 2866 est
3100 2809 3261 2871 illum
3281 2843 3295 2858 ·
3340 2809 3384 2846 ²¹
3402 2813 3548 2874 dixit

674 2903 786 2963 illis
807 2935 821 2951 ·
849 2937 864 2951 ·
907 2905 1024 2965 ⁸Et
1051 2907 1132 2966 ait
1157 2907 1234 2968 ad
1263 2907 1304 2966 il
1424 2901 1730 2962 mundabit
1757 2903 1941 2963 domii
2237 2901 2396 2961 illam
2456 2911 2514 2961 et
2541 2903 2738 2980 coepit
2986 2913 3184 2963 autem
3218 2906 3270 2964 ei
3299 2907 3448 2967 filius
3470 2939 3487 2956 ·

673 2996 763 3058 los
791 2999 1160 3060 similitudine
1422 3004 1480 3054 et
1508 2998 1730 3074 quaerit
1759 2997 1974 3075 diligen
2238 3006 2296 3056 et
2322 2997 2447 3073 ipse
2472 3015 2647 3072 egere
2676 3027 2693 3043 ·
2983 3006 3149 3072 pater
3176 3001 3422 3076 peccaui
3446 3003 3513 3063 in

673 3091 828 3152 hanc
856 3093 1060 3154 dicens
1081 3125 1098 3142 ·
1424 3099 1511 3148 ter
1539 3090 1728 3150 donec
1756 3091 1892 3152 inue
2239 3090 2285 3124 ¹³
2300 3091 2379 3149 Et
2406 3091 2547 3149 abiit
2574 3101 2631 3149 et
2658 3091 2917 3154 adiunxit
2982 3091 3212 3152 caelum
3240 3105 3297 3155 et
3324 3114 3529 3158 coram

676 3186 698 3218 ⁴
714 3186 866 3259 Quis
892 3205 967 3247 ex
989 3189 1161 3248 uobis
1187 3189 1373 3250 homo
1424 3184 1548 3243 niat
1570 3215 1586 3231 ·
1629 3184 1652 3218 ⁹
1669 3185 1749 3244 Et
1778 3203 1912 3244 cum
1939 3185 2000 3243 in
2230 3203 2293 3245 se
2313 3215 2328 3232 ·
2388 3184 2620 3244 cuidam
2649 3185 2803 3244 ciuiii
2981 3195 3039 3245 te
3080 3189 3201 3246 iam
3230 3209 3351 3250 non
3382 3209 3513 3251 sum

675 3281 772 3357 qui
799 3280 974 3340 habet
1005 3293 1229 3342 centu·-
1425 3279 1654 3338 uenerit
1683 3287 1931 3339 couocat
2229 3279 2486 3356 regionis
2514 3279 2663 3338 illius
2722 3279 2801 3339 Et
2981 3277 3195 3357 dignus
3224 3286 3425 3345 uocari
3452 3287 3493 3345 fi

676 3391 820 3434 oues
839 3406 854 3421 ·
913 3385 971 3434 et
993 3377 1043 3435 si
1068 3394 1198 3435 erra
1427 3373 1647 3432 amicas
1677 3383 1734 3432 et
1761 3374 1984 3434 uicinas
2231 3373 2321 3432 his
2349 3373 2505 3433 misit
2530 3373 2692 3432 illum
2726 3374 2788 3432 in
2980 3374 3134 3436 filius
3162 3388 3295 3438 tuus
3313 3411 3329 3428 ·

675 3469 823 3527 uerit
848 3487 968 3528 una
993 3489 1068 3529 ex
1095 3471 1180 3530 eis
1427 3466 1629 3526 dicens
1662 3485 1887 3545 congra
2232 3466 2365 3525 uilla
2394 3485 2499 3527 sua
2524 3477 2589 3528 ut
2618 3485 2795 3544 pasce
2980 3465 3026 3500 ²⁹
3042 3469 3205 3531 Dixit
3233 3483 3430 3534 autem
3463 3484 3629 3554 pater

675 3579 798 3621 non
823 3562 1076 3623 dimittat
1105 3582 1185 3625 no
1425 3561 1688 3621 tulamini
1721 3561 1864 3620 mihi
2231 3570 2321 3621 ret
2347 3579 2562 3639 porcos
2584 3593 2599 3608 ·
2643 3559 2685 3595 ¹⁰
2704 3562 2783 3621 Et
2810 3581 2885 3623 cu
2982 3564 3109 3625 eius
3138 3565 3213 3625 ad
3242 3585 3445 3629 seruos

676 3657 918 3732 naginta
945 3675 1164 3717 nouem
1426 3637 1588 3731 quod
1615 3655 1815 3715 inueni
1846 3655 1990 3733 drag
2231 3655 2430 3733 piebat
2450 3655 2690 3732 implere
2984 3675 3125 3720 suos
3184 3662 3299 3722 cito
3333 3680 3443 3740 pro

677 3748 740 3808 in
765 3749 996 3811 deserto
1053 3761 1112 3810 et
1135 3755 1212 3812 ab
1425 3767 1586 3808 mam
1613 3767 1793 3827 quam
1821 3750 1988 3827 perdi
2230 3758 2500 3810 uentrem
2516 3767 2691 3808 suum
2982 3750 3124 3812 ferte
3152 3756 3361 3816 stolam
3386 3757 3486 3817 illa

675 3843 778 3902 ibit
802 3844 879 3903 ad
906 3844 1062 3904 illam
1092 3864 1245 3924 quae
1427 3842 1488 3903 di
1509 3874 1523 3890 ·
1565 3840 1613 3875 ¹⁰
1630 3844 1710 3901 ita
1737 3843 1870 3902 dico
1897 3843 2067 3902 uobis
2233 3843 2308 3903 de
2337 3844 2556 3921 siliquis
2583 3860 2733 3921 quas
2984 3847 3233 3926 primam
3262 3859 3321 3908 et
3345 3850 3490 3909 indu

675 3939 884 3998 errauit
911 3938 1106 3999 donec
1425 3938 1710 4015 gaudium
1739 3938 1844 3997 erit
1872 3955 1948 3997 co
2232 3938 2399 4015 porci
2424 3937 2717 3996 manduca
2986 3943 3061 4001 ite
3091 3942 3255 4004 illum
3276 3973 3291 3990 ·
3352 3953 3409 4003 et
3436 3943 3569 4006 date

673 4031 928 4091 inueniat
955 4050 1089 4092 eam
1427 4048 1555 4090 ram
1583 4031 1806 4108 angelis
1833 4029 1894 4090 di
2234 4032 2377 4091 bant
2404 4040 2462 4090 et
2482 4049 2661 4091 nemo
2691 4031 2772 4090 illi
2985 4036 3224 4096 anulum
3252 4037 3313 4096 in
3340 4056 3523 4098 manu

674 4123 697 4157 ⁸
717 4135 778 4183 et
804 4143 942 4185 cum
970 4126 1256 4188 inuenerit
1428 4144 1602 4202 super
1630 4129 1937 4202 peccatore
2234 4125 2447 4185 dabat·
2489 4125 2535 4158 ¹⁷
2551 4127 2613 4185 in
2642 4144 2705 4186 se
2732 4131 2867 4186 aute
2984 4133 3109 4190 eius
3172 4140 3231 4192 et
3258 4132 3581 4191 calciamen

673 4236 805 4277 eam
830 4219 1064 4297 inponit
1091 4231 1211 4281 ea·-
1427 4219 1846 4298 paenitentiam
1873 4218 1951 4280 ha
2232 4238 2501 4280 reuersus
2535 4219 2680 4280 dixit
2708 4237 2867 4299 quan
2984 4235 3045 4285 ta
3072 4225 3133 4284 in
3158 4225 3339 4304 pedes
3358 4255 3375 4276 ·
3417 4223 3461 4260 ²⁸
3477 4235 3536 4286 et
3568 4225 3647 4288 ad

672 4311 734 4370 in
759 4330 994 4375 umeros
1019 4332 1159 4375 suos
1510 4341 1593 4370 m
1611 4316 1848 4375 bentem
1865 4340 1948 4373 -es
2233 4316 2277 4375 ti
2306 4314 2689 4375 mercennarii
2718 4314 2897 4392 patris

2764 4409 2881 4468 mei
3320 4419 3357 4461 o
