4373 5048
779 344 900 409 116

451 532 577 581 rol.
598 533 721 581 168.
775 520 921 581 dens
950 520 1094 580 dixit
1119 520 1228 580 iuis
1252 551 1266 567 ·

773 633 925 693 quae
954 626 1044 674 est
1069 624 1256 674 mater

775 726 908 768 mea
937 718 1038 768 aut
1065 708 1268 767 fratres

775 804 892 862 mei
915 834 930 849 ·
973 802 1016 835 ³⁴
1033 802 1112 859 Et
1140 801 1349 879 conspi

776 896 937 957 ciens
965 896 1066 973 qui
1090 896 1152 953 in
1181 896 1264 954 cir

778 991 936 1050 cuitu
963 992 1088 1049 eius
1116 989 1256 1050 sede

778 1087 922 1144 bant
951 1084 1029 1143 ait
1048 1115 1062 1130 ·
1133 1083 1297 1142 Ecce

779 1187 966 1238 mater
997 1194 1132 1236 mea
1189 1186 1248 1237 et
1275 1177 1361 1237 fra

777 1283 896 1333 tres
923 1272 1040 1331 mei
1064 1302 1078 1317 ·
1121 1270 1283 1350 ⁸“qui
1312 1289 1345 1332 e

783 1368 906 1449 nim
934 1365 1132 1426 fecerit
1157 1381 1238 1425 uo

781 1460 1064 1520 luntatem
1088 1457 1148 1518 di

784 1554 878 1613 hic
907 1570 1074 1612 meus
1101 1552 1274 1611 frater

783 1658 844 1708 et
869 1664 1037 1711 soror
1059 1656 1116 1707 et
1145 1664 1244 1705 ma

829 1752 1009 1800 mter
1037 1750 1126 1799 est
1148 1766 1230 1791 „e-

737 1841 772 1879 *
791 1844 854 1900 4.
881 1839 902 1874 ¹
919 1839 997 1898 Et
1023 1838 1222 1915 coepit
1250 1838 1394 1897 iteri-1

740 1937 769 1970 *
791 1937 1003 1999 docere
1027 1938 1103 1997 ad
1132 1954 1234 1995 ma

735 2030 770 2071 *
792 2050 854 2089 re
931 2030 1010 2089 Et
1037 2047 1254 2105 congre

737 2126 772 2166 *
793 2124 923 2203 gab
949 2132 1038 2185 est
1066 2123 1141 2183 ad
1169 2139 1306 2183 eum

791 2220 962 2279 turba
988 2217 1171 2276 multa
1193 2248 1208 2264 ·
1273 2217 1352 2275 ita

794 2322 859 2372 ut
889 2313 950 2372 in
977 2328 1190 2371 nauem
1219 2328 1288 2370 as

795 2405 1057 2466 cendens
1081 2436 1095 2451 ·
1156 2404 1294 2464 sede

795 2547 882 2598 ret
909 2557 1082 2616 super
1110 2555 1268 2597 mare
1292 2567 1306 2584 ·
1341 2568 1353 2583 ·

795 2641 856 2693 et
882 2632 1074 2693 omnis
1103 2633 1272 2691 turba

797 2727 950 2786 circa
977 2744 1138 2785 mare
1166 2735 1290 2784 erat
1308 2754 1323 2771 ·

795 2819 819 2852 ²
835 2829 894 2880 et
922 2819 1172 2880 docebat
1198 2837 1301 2878 eos
1323 2819 1384 2876 in

797 2914 1094 2993 parabolis
1121 2912 1303 2972 multa
1321 2943 1334 2958 ·

800 3017 860 3068 et
886 3008 1118 3067 dicebat
1146 3007 1256 3066 illis
1285 3007 1344 3066 in

799 3101 1066 3161 doctrina
1093 3119 1198 3159 sua
1225 3100 1285 3159 di

802 3213 946 3254 cens
969 3225 984 3241 ·
1027 3194 1048 3225 ³
1063 3193 1228 3252 Ecce
1255 3195 1348 3253 exi

799 3287 845 3346 it
873 3287 1170 3346 seminans

801 3379 881 3440 ad
907 3379 1316 3439 seminandum

803 3474 921 3534 ‘Et
951 3475 1092 3533 dum
1123 3473 1372 3532 seminat

803 3567 958 3628 aliud
987 3567 1194 3626 cecidit
1221 3566 1306 3624 cir

807 3680 878 3722 ca
902 3661 1064 3720 uiam
1117 3669 1176 3720 et
1203 3677 1356 3720 uene

804 3765 938 3815 runt
963 3754 1230 3814 uolucres

808 3849 915 3909 celi
978 3859 1036 3909 et
1062 3848 1309 3908 comede

805 3953 940 4002 runt
967 3941 1107 4002 illud
1129 3974 1143 3990 ·

807 4037 832 4071 ⁸
849 4036 1025 4096 Aliud
1051 4053 1192 4096 uero
1221 4036 1430 4096 cecidit

809 4149 983 4208 super
1009 4129 1141 4189 loca
1169 4148 1248 4207 pe

809 4237 968 4286 trosa
986 4257 1000 4272 ·
1060 4223 1138 4282 Et
1165 4223 1386 4300 quonia

810 4337 934 4378 non
961 4319 1163 4378 habuit
1184 4330 1270 4380 ter

811 4431 936 4472 ram
963 4413 1204 4473 multam

2139 344 2380 410 SECD
2402 377 2417 393 ·

1527 520 1720 580 statim
1749 520 1996 581 exhortii

1529 625 1617 675 est
1635 646 1648 661 ·
1710 616 1847 692 quia
1876 633 1998 673 non
2026 614 2104 675 ha

1529 710 1706 769 bebat
1733 709 2034 769 altitudine

1529 812 1712 863 terrae
1734 834 1749 849 ·
1792 803 1814 836 ⁶
1829 801 2070 880 quando

1503 897 1810 957 ‘exhortus
1837 907 1924 956 est
1953 895 2078 956 sol·

1529 991 1889 1051 exaestuauit
1944 1000 2004 1050 et

1532 1086 1815 1164 quoniam
1847 1102 1968 1144 non
1996 1084 2074 1143 ha

1534 1180 1656 1239 buit
1683 1178 1940 1239 radicem

1533 1276 1681 1333 aruit
1704 1306 1716 1321 ·
1737 1304 1754 1321 ·
1775 1304 1792 1321 ·
1854 1271 1970 1331 Ἐἰ
1997 1270 2154 1332 aliud

1535 1368 1744 1430 cecidit
1772 1370 1832 1426 in
1861 1366 2060 1446 spinas

1537 1472 1596 1524 et
1622 1462 2016 1524 crescentibus

1537 1558 1720 1635 spinis
1749 1555 1975 1615 suffoca

1537 1662 1664 1713 tum
1692 1660 1782 1711 est
1838 1660 1896 1709 et
1923 1648 2048 1707 fruc

1541 1756 1668 1807 tum
1690 1764 1814 1804 non
1842 1743 1998 1804 dedit

1543 1840 1564 1873 ⁸
1581 1839 1661 1899 Et
1687 1838 1842 1898 aliud
1871 1834 2079 1897 cecidit

1545 1936 1605 1994 in
1632 1945 1844 1994 terram
1869 1932 2032 1992 bona

1547 2040 1605 2089 et
1633 2028 1731 2089 dat
1751 2027 2000 2087 fructum

1546 2123 1863 2184 ascendem
1889 2128 1948 2179 et
1974 2127 2096 2178 cres

1549 2225 1781 2279 centem
1845 2224 1902 2273 et
1924 2212 2003 2273 ad

1544 2312 1653 2373 fert
1679 2327 1862 2369 unum
1889 2308 1958 2367 tri

1544 2405 1862 2467 cessimum
1883 2432 1898 2450 ·
1919 2432 1934 2450 ·
1957 2432 1972 2448 ·

1547 2548 1606 2599 et
1633 2535 2095 2613 sexagessimum
2118 2563 2132 2580 ·

1547 2641 1606 2693 et
1638 2649 1822 2691 unurn
1844 2639 2056 2689 centen

1547 2727 1764 2787 simum
1787 2753 1803 2771 ·
1885 2721 1909 2756 ⁹
1926 2722 2004 2782 Et
2037 2721 2165 2780 dice

1548 2822 1650 2880 bat
1675 2819 1775 2896 qui
1803 2817 1978 2876 habet
2005 2833 2080 2876 au

1549 2931 1644 2974 res
1672 2911 1943 2972 audiendi

1550 3007 1746 3067 audiat
1765 3037 1778 3053 ·
1804 3036 1819 3053 ·
1903 3001 1950 3038 ¹⁰
1965 3003 2043 3064 Et
2071 3020 2209 3064 cum

1551 3111 1706 3162 esset
1733 3098 2040 3176 singularis

1549 3195 1983 3271 interrogabant

1549 3288 1712 3346 illum
1744 3285 2009 3363 discipuli

1554 3381 1679 3441 eius
1736 3398 1886 3458 quae
1914 3387 2070 3439 esset

1557 3473 1838 3553 parabola
1865 3473 1974 3532 ista
1992 3504 2007 3519 ·

1557 3567 1598 3602 ²¹
1619 3577 1677 3628 et
1705 3568 1784 3628 ait
1809 3566 1914 3626 illis
1937 3597 1952 3614 ·
2013 3566 2180 3626 uobis

1558 3663 1756 3724 datum
1787 3671 1874 3722 est
1901 3678 2127 3738 cognos

1556 3775 1689 3818 cere
1716 3756 1990 3833 mysterii}

1556 3851 1723 3928 regni
1743 3851 1804 3910 di
1825 3879 1840 3897 ·
1903 3849 2010 3909 iuis

1559 3955 1754 4004 autem
1783 3943 1883 4021 qui
1909 3943 2048 4003 foris

1559 4048 1694 4098 sunt
1715 4039 1776 4096 in
1803 4055 2010 4115 parara

1557 4130 1706 4191 bolis
1726 4131 1926 4190 omnia
1953 4131 2012 4188 di

1559 4235 1768 4285 cuntur
1787 4256 1800 4271 ·
1844 4221 1889 4258 ¹²
1905 4233 1968 4283 ut
1994 4224 2052 4282 ui

1559 4318 1766 4379 dentes
1791 4316 2030 4378 uideant

1561 4423 1618 4472 et
1647 4429 1769 4471 non
1797 4411 2034 4472 uideant

2329 522 2407 580 Et
2434 518 2736 581 audientes
2765 520 2903 581 audi

2247 675 2254 682 ,
2330 625 2434 675 ant
2462 625 2520 675 et
2548 633 2671 674 non
2698 614 2842 674 intel

2331 708 2527 785 legant
2610 727 2686 768 ne
2716 726 2875 786 quan

2334 802 2413 863 do
2440 812 2853 862 conuertantur

2334 906 2393 955 et
2420 894 2709 955 dimittam
2738 896 2823 955 eis

2334 1000 2577 1067 peccata
2596 1021 2611 1037 ·
2688 989 2731 1022 ¹³
2746 989 2823 1048 Et
2852 990 2929 1049 ait
2956 988 2997 1049 il

2333 1082 2404 1142 lis
2432 1083 2665 1143 nescitis
2693 1100 2835 1159 para

2335 1176 2535 1236 bolam
2562 1177 2715 1235 hanc
2736 1207 2752 1223 ·
2836 1176 2915 1235 Et

2337 1270 2644 1346 quomodo
2670 1286 2773 1330 om

2338 1382 2445 1424 nes
2466 1363 2775 1441 parabolas

2339 1457 2707 1534 cognoscetis
2727 1488 2741 1503 ·
2760 1488 2845 1499 —

2341 1551 2384 1586 ¹⁴
2402 1550 2523 1622 Qui
2550 1550 2801 1627 loquitur
2826 1568 2933 1611 uer

2343 1646 2485 1703 bum
2514 1646 2763 1704 seminat
2781 1676 2795 1691 ·

2343 1737 2389 1771 ²⁵
2410 1735 2493 1795 Hi
2520 1748 2717 1798 autem
2746 1748 2881 1798 sunt
2907 1738 3009 1814 qui

2345 1832 2506 1891 iuxta
2534 1831 2691 1891 uiam
2720 1832 2867 1891 serni

2346 1934 2561 1985 uantur
2641 1926 2743 2003 qui
2770 1942 2887 2001 neg

2348 2020 2608 2098 legenter
2634 2020 2817 2079 uerbu

2350 2114 2677 2191 suscipiunt
2749 2112 2829 2171 Et

2348 2226 2488 2267 cum
2516 2206 2799 2267 audierint

2347 2299 2655 2361 confestim
2680 2300 2843 2359 uenit

2349 2406 2583 2455 satanas
2644 2403 2703 2453 et
2730 2392 2863 2453 aufe

2346 2537 2433 2590 ret
2458 2528 2699 2588 uerbum
2730 2526 2893 2604 quod

2349 2622 2695 2682 seminatum
2722 2631 2811 2680 est
2838 2620 2898 2680 in

2351 2714 2528 2777 corde
2555 2714 2786 2774 illorum
2811 2745 2826 2760 ·
2849 2745 2863 2760 ·
2891 2745 2905 2760 ·

2350 2810 2395 2844 ¹⁶
2411 2807 2487 2867 Et
2512 2808 2573 2866 hi
2601 2818 2735 2867 sunt
2755 2807 2855 2884 qui
2878 2825 3053 2885 supra

2350 2913 2582 2981 petrosa
2602 2901 2873 2961 seminan

2350 3007 2443 3056 tur
2465 3027 2480 3043 ·
2540 2995 2639 3072 qui
2668 3010 2803 3054 cum
2832 3011 2907 3054 au

2354 3102 2562 3162 dierint
2588 3101 2836 3160 uerbum

2353 3214 2489 3255 cum
2519 3195 2733 3273 gaudio
2760 3195 2887 3254 acci

2353 3290 2520 3367 piunt
2548 3288 2688 3347 illud
2729 3288 2771 3321 ¹⁷
2787 3287 2864 3346 Et

2354 3401 2479 3443 non
2504 3383 2725 3442 habent
2752 3380 2875 3441 radi

2355 3494 2488 3536 cem
2516 3477 2577 3534 in
2606 3493 2670 3534 se
2729 3473 2833 3534 sed
2860 3479 2918 3535 te

2355 3569 2588 3648 porales
2616 3577 2751 3628 sunt
2771 3599 2786 3614 ·

2357 3663 2587 3722 Deinde
2615 3661 2784 3721 horta
2809 3662 2881 3721 tri

2358 3755 2655 3817 bulatione
2710 3764 2770 3814 et
2796 3773 2901 3832 per

2358 3849 2658 3911 secutione
2716 3866 2868 3926 prop

2357 3955 2444 4004 ter
2471 3943 2719 4003 uerbum
2779 3961 2897 4002 con
2995 3993 3005 3998 -

2356 4038 2521 4097 tinuo
2544 4035 2801 4096 scandali

2357 4141 2562 4191 zantur
2581 4163 2595 4180 ·
2620 4163 2635 4178 ·
2662 4163 2676 4177 ·
2762 4128 2805 4163 ¹⁸
2820 4128 2899 4190 Et
2918 4129 2979 4190 hi

2360 4233 2496 4286 sunt
2521 4226 2621 4302 qui
2647 4226 2708 4284 in
2736 4224 2917 4301 spinis

2360 4319 2717 4379 seminantur
2733 4351 2750 4365 ·

2361 4412 2481 4486 Qui
2508 4414 2751 4474 uerbum
2780 4411 3020 4474 audiunt

3334 356 3455 421 [111.
3482 361 3682 423 33-1V.
3704 371 3728 406 2
3738 372 3790 423 5.

3086 520 3132 556 ²⁹
3148 521 3227 581 Et
3255 522 3637 582 sollicitudine
3665 524 3760 583 uic
3833 528 3963 579 rol.
3984 530 4117 578 168.

3084 626 3179 676 tus
3240 626 3297 675 et
3324 635 3547 677 errores
3575 636 3720 676 mun

3086 711 3147 771 di
3174 710 3347 769 simul
3376 710 3625 770 inceden

3086 814 3174 863 tes
3204 804 3497 864 soffucant
3525 822 3631 863 uer

3087 898 3231 957 bum
3287 908 3347 958 et
3372 899 3491 958 sine
3518 898 3646 959 fruc

3086 1001 3151 1051 tu
3177 992 3497 1051 efficiuntur
3515 1024 3529 1039 ·
3551 1024 3567 1040 ·

3087 1082 3133 1119 ²⁰
3148 1085 3226 1145 Et
3252 1086 3313 1143 hi
3341 1096 3475 1145 sunt
3497 1087 3597 1163 qui
3618 1103 3795 1163 supra

3088 1190 3301 1239 terram
3327 1180 3551 1239 bonam
3576 1198 3648 1239 ce

3091 1274 3354 1333 ciderunt
3410 1274 3510 1349 qui
3537 1291 3612 1333 au

3092 1368 3257 1427 diunt
3286 1368 3529 1426 uerbum

3093 1471 3151 1521 et
3178 1462 3503 1539 suscipiunt
3562 1472 3620 1521 et

3092 1555 3436 1615 fructificant
3459 1587 3474 1602 ·

3094 1668 3279 1708 unum
3306 1650 3529 1709 tricessi

3097 1761 3261 1803 mum
3284 1774 3299 1789 ·
3362 1754 3423 1803 et
3450 1760 3636 1803 unum

3098 1838 3562 1914 sexagessimum

3098 1931 3177 1989 Et
3203 1948 3386 1990 unum
3414 1930 3675 1991 centensi

3099 2042 3367 2084 mum···
3428 2022 3571 2083 ”Et
3597 2024 3731 2085 dice

3100 2120 3201 2179 bat
3226 2119 3333 2179 illis
3362 2117 3649 2196 numquid

3097 2214 3259 2272 uenit
3284 2212 3525 2273 lucerna

3098 2318 3161 2365 ut
3189 2306 3299 2365 sub
3328 2306 3531 2365 modio
3558 2323 3641 2383 po

3097 2410 3267 2460 natur
3295 2410 3394 2459 aut
3412 2401 3521 2460 sub
3540 2399 3721 2459 lecto·
3742 2428 3829 2443 —-·

3103 2531 3219 2593 Sed
3245 2542 3309 2592 ut
3341 2550 3515 2610 supra
3550 2551 3664 2592 can

3102 2627 3407 2686 delabrum
3435 2645 3597 2704 pona

3100 2732 3191 2780 tur
3214 2752 3228 2769 ·
3272 2717 3456 2780 ”non
3482 2722 3641 2780 enim

3099 2825 3189 2874 est
3208 2813 3557 2874 absconditu

3100 2905 3206 2968 sed
3232 2915 3296 2966 ut
3324 2906 3625 2966 manifeste

3100 3010 3194 3060 tur
3215 3031 3230 3048 ·
3296 3019 3405 3060 nec
3434 2999 3640 3060 sactu*

3100 3103 3190 3154 est
3216 3094 3511 3154 occultum

3104 3187 3209 3247 sed
3236 3197 3301 3246 ut
3328 3187 3389 3245 in
3417 3187 3613 3264 palam

3102 3283 3298 3340 ueniat
3314 3312 3330 3328 ·
3400 3279 3445 3314 ²⁸
3466 3280 3525 3340 Si
3553 3282 3685 3360 quis

3106 3375 3283 3434 habet
3311 3393 3477 3435 aures
3505 3393 3583 3435 au

3107 3469 3302 3530 diendi
3332 3470 3530 3529 audiat
3552 3499 3567 3516 ·

3106 3561 3151 3596 ’⁴
3170 3563 3245 3622 Et
3272 3563 3501 3623 dicebat
3528 3563 3637 3622 illis
3665 3565 3726 3624 ui

3107 3657 3237 3716 dete
3258 3657 3561 3734 quomodo

3108 3750 3352 3810 audiatis
3374 3781 3390 3798 ·
3452 3752 3516 3809 in
3544 3769 3664 3828 qua

3108 3862 3385 3905 mensura
3410 3846 3583 3904 metie

3108 3939 3229 3998 ritis
3257 3939 3520 4000 metietur
3546 3958 3629 3999 uo

3108 4033 3197 4092 bis
3258 4043 3317 4092 et
3344 4033 3620 4095 adicietur

3108 4128 3279 4186 uobis
3306 4129 3409 4206 qui
3436 4129 3645 4189 auditis
3668 4160 3697 4204 ο,

3107 4217 3154 4253 ²⁵
3170 4221 3290 4293 Qui
3319 4223 3478 4281 enim
3506 4223 3679 4283 habet
3707 4223 3785 4284 da

3110 4316 3260 4375 bitur
3288 4316 3367 4375 illi
3425 4327 3483 4377 et
3512 4318 3613 4394 qui
3641 4335 3767 4378 non

3110 4409 3285 4470 habet
3340 4412 3515 4471 etiam
3545 4413 3707 4491 quod
