4373 5048
593 368 681 419 v1.
703 364 930 432 56-vu.
958 364 1064 430 aa]

274 537 403 587 ποι.
423 538 548 591 1¹78.
591 531 924 591 uestimenti
953 533 1078 592 eius

589 634 894 702 tangerent
917 658 932 672 ·
997 634 1056 685 et
1085 625 1234 704 qu⁰d

590 719 752 797 quod
779 721 1097 797 tangebant
1123 720 1209 779 sal

645 840 728 867 ses
742 814 804 872 ui
830 814 1047 873 fiebant
1069 838 1152 864 m

529 904 563 945 *
588 913 646 969 ’1.
677 907 696 941 ¹
713 907 790 967 Et
819 909 1176 969 conueniunt

524 1000 560 1037 *
582 1000 658 1060 ad
685 1020 822 1061 eum
849 1001 1042 1061 farisei

527 1094 561 1133 *
586 1104 642 1154 et
670 1096 908 1173 quidam
936 1097 1008 1156 de
1037 1096 1150 1155 scri

526 1189 562 1226 *
585 1190 675 1249 bis
734 1192 836 1269 qui
863 1192 1176 1251 ueniebant

583 1286 660 1344 ab
686 1284 1088 1362 hierosolymis
1105 1315 1120 1332 ·

583 1377 606 1411 ⁸
625 1377 746 1451 Qui
773 1397 913 1440 cum
939 1380 1204 1439 uiderent

585 1472 873 1549 quosdam
901 1492 976 1533 ex
1003 1473 1151 1533 disci

583 1566 733 1643 pulis
757 1566 882 1627 eius
938 1584 1178 1627 commu

583 1660 756 1720 nibus
783 1661 1050 1721 manibus
1072 1692 1087 1707 ·

583 1752 656 1812 Id
675 1764 765 1815 est
781 1773 904 1814 non
925 1755 1058 1815 lotis
1077 1787 1090 1802 ·
1139 1772 1278 1815 man

583 1846 794 1907 ducare
823 1867 1038 1925 panem
1097 1850 1156 1910 ui

581 1951 992 2020 tuperauerunt
1014 1974 1030 1990 ·

579 2034 604 2069 ⁸
620 2035 667 2093 F
667 2037 837 2095 arisei
863 2037 1022 2096 enim
1052 2046 1110 2096 et
1137 2054 1242 2097 orn

577 2147 684 2188 nes
714 2130 865 2189 iudei
923 2132 1034 2189 nisi
1061 2148 1144 2207 pu

577 2223 720 2299 gillo
747 2224 946 2284 lauent
971 2242 1182 2285 manus

580 2336 706 2377 non
733 2318 1088 2378 manducant
1105 2349 1122 2366 ·

581 2410 880 2473 Tenentes
905 2412 1134 2473 traditio

579 2561 724 2602 num
753 2545 1050 2605 seniorum
1069 2577 1086 2592 ·

578 2639 602 2670 ⁴
617 2637 695 2696 Et
722 2656 757 2696 a
786 2637 914 2698 foro
942 2657 1080 2698 cum
1105 2657 1255 2699 uene

577 2730 691 2791 rint
751 2732 862 2792 nisi
889 2733 1160 2810 baptizen

577 2835 668 2884 tur
695 2826 894 2885 cibum
921 2845 1044 2887 non
1071 2847 1143 2887 ca

581 2919 745 2996 piunt
764 2951 779 2967 ·
838 2920 918 2979 Et
944 2921 1055 2980 alia
1084 2920 1208 2980 mul

578 3021 637 3071 ta
665 3022 798 3073 sunt
828 3031 938 3093 que
969 3015 1175 3074 tradita

577 3117 710 3165 sunt
736 3107 846 3167 illis
873 3126 1103 3168 seruare
1131 3140 1145 3156 ·
1164 3141 1250 3154 —

576 3200 899 3277 baptismos
928 3203 1112 3264 calicss

574 3303 633 3353 et
657 3313 1000 3355 ureaeorum
1020 3327 1035 3343 ·
1094 3305 1150 3356 et

577 3399 1042 3448 aeramentorum

575 3490 632 3539 et
657 3482 940 3542 lectorum
958 3515 974 3530 ·

575 3573 598 3608 ⁸
613 3574 690 3634 Et
716 3575 1152 3655 interrogabant
1179 3584 1253 3639 eii

575 3670 800 3730 scribae
829 3680 888 3730 et
915 3671 1140 3731 farisaei
1171 3703 1188 3718 ·

574 3761 770 3835 Quare
799 3764 1064 3842 discipuli
1093 3766 1175 3826 tui

571 3875 696 3916 non
723 3859 1026 3918 ambulant
1054 3878 1116 3918 se

572 3951 830 4010 cundum
859 3952 1092 4012 traditio

573 4063 710 4103 nem
737 4047 1033 4104 seniorum
1057 4077 1072 4092 ·

574 4136 689 4197 Sed
717 4141 1127 4200 communibus

570 4234 844 4292 manibus
869 4234 1092 4293 mandu

1925 357 2231 419 MARC2
2261 388 2276 403 ·

1342 530 1642 604 Quoniam
1665 532 1816 591 bene
1845 550 1954 609 pro

1340 625 1538 686 fetauit
1564 627 1750 686 esaias
1779 626 1853 685 de

1339 720 1512 779 uobis
1540 720 1853 797 hypocritis

1339 814 1488 873 sicut
1514 815 1792 873 scribtum
1818 823 1906 875 est
1925 846 1940 861 ·

1339 952 1355 980 ,
1378 906 1638 983 Populus
1664 906 1761 967 hic
1787 908 1956 969 labiis

1336 1044 1354 1074 ,
1377 1019 1473 1059 me
1503 1000 1755 1060 honorat
1773 1032 1788 1047 ·
1830 1018 1933 1060 cor

1335 1136 1352 1165 ,
1374 1104 1568 1154 autern
1595 1113 1798 1154 eorum
1825 1095 1927 1153 lon

1335 1230 1352 1259 ,
1374 1207 1448 1265 ge
1478 1197 1566 1246 est
1593 1206 1630 1246 a
1656 1206 1787 1247 me·
1829 1188 1994 1247 'sine

1335 1325 1352 1355 ,
1372 1299 1548 1341 causa
1575 1292 1769 1341 autem
1796 1282 1994 1341 colunt

1335 1421 1351 1448 ,
1374 1394 1469 1434 me
1490 1407 1504 1423 ·
1567 1375 1845 1436 docentes
1876 1376 1988 1435 doc

1333 1512 1348 1541 ,
1369 1470 1548 1530 trinas
1611 1479 1886 1548 precepta

1331 1610 1346 1635 ,
1368 1563 1672 1623 hominum
1733 1565 1852 1640 bap

1329 1657 1534 1719 tismos
1561 1657 1808 1717 calicum

1329 1764 1385 1813 et
1411 1770 1753 1811 urcaeorum
1772 1782 1787 1799 ·
1850 1761 1908 1812 et

1330 1847 1442 1906 alia
1471 1846 1676 1905 similia
1704 1864 1854 1923 quae
1883 1846 1942 1906 fa

1331 1942 1460 2002 citis
1487 1940 1770 2017 conplura
1791 1971 1808 1987 ·

1330 2037 1350 2068 ⁸
1369 2034 1786 2111 Relinquentes
1807 2052 1946 2093 man

1331 2130 1534 2189 datum
1562 2128 1624 2186 di
1681 2138 1854 2188 tenen

1333 2234 1417 2284 tes
1447 2224 1780 2284 traditiones
1807 2224 1888 2282 ho

1331 2318 1556 2376 minum
1579 2349 1592 2364 ·
1618 2348 1633 2365 ·
1659 2351 1674 2365 ·
1721 2318 1742 2351 ⁹
1758 2317 1837 2376 Et
1865 2317 1991 2377 dice

1328 2410 1430 2471 bat
1457 2410 1566 2470 illis
1625 2414 1776 2471 bene
1803 2412 1912 2469 inri

1329 2558 1452 2602 tum
1481 2543 1694 2606 fecistis
1721 2563 1824 2623 pre

1327 2648 1564 2716 ceptum
1591 2639 1652 2698 di
1711 2650 1774 2698 ut
1808 2649 1896 2698 tra

1327 2731 1608 2792 ditionem
1634 2739 1824 2792 uestra

1327 2828 1588 2887 statuatis
1608 2859 1623 2875 ·
1668 2827 1714 2861 ¹⁰
1731 2845 1963 2905 moyses

1325 2921 1483 2980 enim
1516 2921 1658 2981 dixit
1686 2922 1912 2983 honora

1325 3024 1549 3090 patrem
1579 3025 1742 3075 tuum
1763 3025 1822 3074 et

1323 3117 1572 3168 matrem
1602 3119 1760 3168 tuam
1781 3141 1796 3157 ·

1322 3201 1400 3260 Et
1428 3203 1528 3281 qui
1557 3203 1921 3264 maledixerit

1322 3297 1472 3372 patri
1499 3307 1598 3356 aut
1627 3299 1794 3356 matri

1323 3401 1507 3450 morte
1536 3393 1812 3450 moriatur
1827 3423 1910 3436 —-

1324 3481 1368 3516 ¹¹
1385 3483 1514 3543 Uos
1541 3493 1734 3544 autem
1764 3485 1948 3547 dicitis

1325 3578 1374 3638 si
1404 3578 1633 3638 dixierit
1661 3580 1842 3640 homo

1323 3672 1471 3749 patri
1499 3691 1608 3733 suo
1636 3683 1734 3733 aut
1761 3692 1862 3733 ma

1319 3767 1391 3824 tri
1418 3785 1636 3826 coruan
1664 3768 1824 3845 quod

1321 3870 1408 3920 est
1437 3860 1662 3920 donum
1686 3894 1702 3909 ·
1767 3863 1928 3939 quod

1321 3973 1574 4034 cumque
1600 3975 1673 4014 ex
1705 3974 1798 4015 me
1827 3957 1929 4015 tibi

1319 4048 1574 4126 proderit
1612 4047 1658 4082 ²²
1673 4050 1790 4109 iarn
1818 4069 1941 4111 non

1319 4144 1560 4203 missum
1588 4144 1772 4205 facitis
1799 4151 1875 4204 eii

1315 4238 1633 4316 quicquam
1659 4238 1848 4298 facere

570 4336 707 4386 cant
733 4346 949 4404 panem
971 4361 988 4374 ·
1032 4329 1053 4364 ⁸
1069 4329 1150 4388 At
1177 4330 1268 4392 ille
1319 4333 1470 4408 patri
1497 4343 1597 4392 aut
1625 4334 1793 4394 matri

567 4421 933 4500 respondens
960 4422 1106 4483 dixit

1319 4421 1362 4458 ²³
1383 4423 1765 4488 Rescindetes
1791 4445 1896 4488 uer

2139 534 2283 592 bum
2310 531 2370 591 di
2430 550 2535 609 per
2563 532 2711 593 tradi

2139 628 2359 686 tionem
2387 636 2641 687 uestram

2139 721 2374 779 stultam
2431 738 2611 797 quarn
2640 730 2727 781 tra

2138 813 2362 873 didistis
2419 826 2475 873 et
2504 815 2633 875 simi

2135 907 2215 966 lia
2239 907 2413 967 huius
2441 908 2603 969 modi
2632 909 2754 968 mul

2137 1010 2196 1061 ta
2224 1001 2409 1062 facitis
2428 1033 2443 1049 ·
2488 1003 2531 1036 ¹⁴
2546 1003 2624 1062 Et
2652 1004 2729 1062 ite

2134 1114 2266 1155 rum
2294 1097 2478 1157 turbis
2532 1096 2660 1156 dice

2135 1191 2237 1249 bat
2264 1190 2374 1250 illis
2393 1221 2408 1236 ·
2468 1191 2663 1250 audite

2133 1302 2230 1343 me
2260 1302 2467 1345 omnes
2494 1296 2552 1344 et
2578 1284 2717 1344 intel

2133 1376 2291 1454 ligite
2315 1408 2330 1424 ·
2375 1375 2420 1411 ¹⁵
2440 1378 2583 1437 nihil
2608 1389 2695 1439 est

2135 1489 2172 1530 a
2198 1470 2337 1531 foris
2364 1472 2620 1533 hominis

2133 1564 2412 1625 introiens
2440 1568 2500 1624 in
2530 1585 2666 1626 eum

2134 1656 2315 1730 Quod
2344 1662 2524 1736 possit
2552 1662 2613 1721 in
2640 1680 2779 1721 eum

2131 1754 2510 1832 coinquinare
2533 1786 2549 1802 ·

2133 1844 2249 1906 Sed
2278 1866 2429 1926 quae
2458 1849 2530 1909 de
2558 1848 2794 1910 homine

2130 1942 2459 2017 procedunt
2490 1942 2587 2002 illa

2130 2044 2266 2093 sunt
2288 2022 2439 2115 quae
2470 2037 2706 2117 coinqui

2128 2138 2273 2188 nant
2301 2130 2601 2190 hominem
2621 2163 2636 2178 ·

2127 2218 2173 2255 ¹⁶
2192 2222 2252 2283 Si
2281 2225 2412 2301 quis
2437 2224 2613 2285 habet
2641 2244 2809 2287 aures

2127 2316 2399 2377 audiendi
2427 2318 2641 2378 audiat·

2125 2410 2248 2470 ”Et
2254 2422 2361 2455 cum
2372 2413 2663 2473 introisset
2677 2414 2737 2473 in
2750 2413 2828 2475 do

2127 2563 2293 2604 mum
2312 2545 2390 2605 ad
2415 2547 2646 2606 turba*-

2129 2641 2560 2717 interrogabant
2586 2647 2661 2701 eii

2127 2733 2396 2811 discipuli
2423 2735 2549 2794 eius
2574 2753 2717 2812 para

2129 2827 2327 2888 bolam
2389 2828 2431 2862 ¹⁸
2446 2829 2525 2889 Et
2552 2830 2630 2888 ait
2655 2829 2765 2890 illis
2788 2860 2803 2878 ·

2129 2920 2227 2981 Sic
2254 2931 2311 2980 et
2338 2941 2449 2982 uos
2477 2923 2763 3001 inpruden

2127 3025 2211 3075 tes
2240 3018 2376 3076 estis
2435 3034 2560 3075 non
2588 3018 2728 3076 intel

2123 3109 2298 3187 ligitis
2357 3111 2516 3188 quod
2545 3129 2723 3171 omne

2123 3205 2481 3264 extrinsecus
2510 3205 2660 3264 intro

2127 3299 2250 3357 iens
2280 3299 2340 3356 in
2368 3297 2671 3358 hominem

2124 3410 2249 3451 non
2277 3400 2470 3470 potest
2496 3411 2635 3452 eum

2123 3486 2505 3564 coinquinare
2525 3518 2540 3533 ·
2586 3487 2629 3521 ¹⁹
2650 3487 2781 3547 Nec

2121 3581 2280 3640 enim
2308 3580 2522 3642 introiit
2550 3582 2612 3640 in

2121 3693 2224 3734 cor
2249 3674 2376 3733 eius
2440 3675 2542 3734 sed
2570 3675 2631 3734 in

2121 3777 2385 3827 uentrem
2446 3779 2503 3827 et
2531 3769 2591 3826 in
2622 3788 2685 3830 se

2121 3879 2355 3922 cessum
2382 3862 2521 3923 exiit

2120 3975 2381 4034 purgans
2407 3973 2617 4016 omnes

2121 4067 2325 4110 aescas
2344 4081 2358 4097 ·
2380 4083 2393 4097 ·
2414 4083 2428 4098 ·
2473 4045 2521 4082 ²⁰
2541 4049 2791 4112 Dicebat

2120 4153 2315 4204 autern
2350 4145 2631 4222 quoniam

2119 4257 2269 4317 quae
2300 4239 2373 4298 de
2402 4239 2641 4298 homine
2670 4259 2745 4300 ex

2118 4341 2260 4391 eunt
2321 4333 2415 4391 illa
2443 4333 2681 4412 coinqui

2117 4437 2261 4488 nant
2288 4427 2591 4487 hominem

3470 381 3589 429 121

2890 530 2929 568 ’¹
2950 535 3048 595 Ab
3074 535 3229 597 intus
3256 538 3413 596 enim
3442 539 3516 598 de
3618 556 3745 607 ποι.
3768 560 3887 610 178.

2890 628 3067 689 corde
3096 630 3406 691 hominum
3435 666 3447 680 ·

2890 724 3277 800 cogitationes
3308 744 3407 787 ma

2886 816 2941 877 le
2969 818 3294 894 procedunt
3312 851 3327 866 ·

2888 911 3166 971 adulteria
3189 945 3203 960 ·
3248 910 3291 945 ²²
3308 914 3457 975 furta
3475 947 3491 963 ·

2890 1003 3297 1067 fornicationes
3328 1040 3343 1055 ·

2889 1098 3202 1159 homicidia
3260 1102 3421 1161 auari

2885 1192 2965 1252 tia
3028 1195 3280 1272 nequitia
3298 1228 3313 1242 ·
3374 1195 3547 1258 dolus

2883 1286 3225 1363 inpudicitia
3245 1320 3260 1336 ·
3304 1308 3422 1349 ocu

2882 1378 2974 1437 lus
3004 1381 3191 1440 malus
3250 1382 3431 1442 blasfe

2884 1474 3033 1531 mia·
3100 1476 3371 1552 superbia
3394 1508 3409 1523 ·

2882 1564 3112 1628 stultitia
3135 1600 3149 1615 ·
3194 1566 3237 1602 ’Β
3254 1571 3455 1631 omnia

2883 1660 3031 1721 haec
3060 1662 3213 1721 mala
3240 1665 3316 1722 ab
3344 1664 3501 1726 intus

2880 1756 3209 1831 procedunt
3236 1766 3293 1816 et
3322 1775 3397 1817 co

2880 1848 3190 1925 inquinant
3216 1850 3378 1909 homi

2882 1960 3019 2001 nem
3041 1973 3055 1988 ·
3077 1974 3092 1989 ·
3113 1973 3129 1989 ·
3172 1940 3215 1976 ²⁴
3230 1944 3308 2003 Et
3336 1962 3583 2023 surgens

2879 2034 3012 2094 inde
3041 2037 3182 2096 abiit
3208 2038 3269 2095 in
3298 2038 3415 2098 fine
3484 2046 3487 2053 '

2879 2129 2989 2205 tyri
3017 2139 3075 2188 et
3102 2131 3325 2191 sidonis
3345 2163 3361 2179 ·
3420 2142 3479 2193 et

2878 2222 3156 2284 introiens
3184 2225 3246 2282 in
3274 2225 3457 2286 domu

2878 2318 3175 2377 neminem
3202 2320 3441 2379 uolebat

2878 2410 3023 2471 scire
3044 2442 3057 2457 ·
3081 2444 3094 2457 ·
3154 2421 3213 2471 et
3239 2417 3369 2473 non'
3392 2415 3583 2492 potuit

2880 2542 3054 2604 latere
3074 2575 3087 2589 ·
3134 2541 3179 2577 ²⁵
3198 2545 3473 2624 Cumque

2880 2637 3135 2697 audisset
3164 2638 3235 2698 de
3264 2640 3362 2699 illo
3390 2659 3495 2699 mu

2876 2729 2981 2790 lier
3038 2732 3205 2792 cuius
3234 2732 3350 2790 filia
3377 2732 3457 2792 ha

2878 2824 3053 2883 bebat
3083 2829 3216 2901 sprn
3242 2827 3450 2886 inmun

2880 2916 3023 2976 dum
3044 2949 3059 2964 ·
3123 2916 3302 2978 Uenit
3328 2931 3389 2978 et

2876 3012 3127 3088 procidit
3154 3022 3286 3072 ante
3314 3032 3390 3091 pe

2877 3104 2981 3165 des
3008 3106 3133 3166 eius
3155 3137 3169 3153 ·
3194 3137 3209 3152 ·
3254 3107 3434 3168 “erat

2828 3233 2833 3236 -
2876 3208 3073 3259 autem
3101 3201 3305 3261 mulier

2874 3311 3051 3370 greca
3078 3296 3343 3371 syrafinis

2876 3405 3074 3464 sagere
3096 3419 3110 3434 ·
3135 3419 3149 3435 ·
3209 3399 3270 3448 et
3295 3407 3441 3465 roga

2873 3481 2974 3539 bat
3002 3498 3139 3541 eum
3198 3493 3263 3542 ut
3288 3485 3459 3560 expel

2870 3573 3011 3634 leret
3040 3575 3316 3639 demoniii

2874 3669 3025 3728 filiae
3054 3671 3177 3729 eius
3196 3703 3209 3717 ·
3254 3668 3297 3704 ²⁷
3318 3671 3395 3730 Et
3422 3672 3503 3732 ait

2874 3762 2965 3821 ihs
2993 3763 3068 3822 ad
3096 3764 3253 3822 illam
3274 3795 3289 3811 ·
3352 3765 3476 3824 sine

2874 3858 3033 3934 prius
3063 3867 3297 3917 saturen

2873 3959 2964 4009 tur
2994 3951 3129 4008 filii·
3188 3971 3313 4012 non
3340 3963 3428 4012 est

2872 4045 3032 4104 enim
3060 4047 3283 4106 bonum
3317 4065 3385 4106 ac

2871 4139 3061 4216 cipere
3092 4157 3305 4218 panem
3332 4141 3373 4198 fi

2869 4232 3075 4292 liorurn
3136 4242 3194 4292 et
3218 4233 3367 4292 catel

2868 4327 2940 4385 lis
2974 4327 3197 4384 mittere
3220 4357 3234 4372 ·
3278 4324 3396 4386 ²‘'at
3425 4327 3465 4388 il

2871 4420 2925 4479 la
2952 4419 3249 4498 respondit
3268 4421 3323 4482 ei

3206 4523 3240 4560 R
