4373 5048
603 388 754 437 XIII.
785 383 980 451 7-35.]

255 551 404 603 ποι.
427 555 551 606 102.
597 546 674 609 Et
701 550 866 628 opini

593 663 738 704 ones
766 646 1128 723 proelioru-·

591 756 666 799 ne
691 740 994 799 timueritis
1013 772 1028 786 ·
1089 758 1128 799 o

588 842 781 909 portet
807 835 963 892 enim
992 834 1068 892 fie

586 927 633 984 ri
662 927 766 986 sed
793 928 1058 987 nondum
1087 926 1126 985 fi

586 1022 678 1080 nis
701 1053 716 1068 ·
742 1054 755 1069 ·
784 1054 797 1069 ·
840 1021 861 1055 ⁸
879 1021 1171 1098 Exsurget

585 1126 782 1177 autem
808 1135 955 1192 gens
983 1115 1061 1175 ad

583 1227 785 1269 uersus
812 1220 1053 1286 gentem

583 1312 641 1362 et
667 1322 914 1380 regnum
935 1320 1110 1380 super

1955 372 2257 435 MARC·
2282 410 2295 424 ·

1353 550 1455 611 filii
1482 551 1544 610 in
1573 560 1844 628 parentes

1353 656 1412 704 et
1441 645 1614 705 morti
1641 645 1914 704 adficient

1351 756 1454 799 eos
1475 771 1487 785 ·
1511 771 1524 786 ·
1567 736 1613 771 ¹³
1633 738 1710 797 Et
1735 739 1880 799 eritis
1908 739 2045 799 odio

1349 834 1622 892 omnibus
1645 832 1867 893 homini

1347 926 1455 986 bus
1515 936 1752 1003 propter
1780 944 1861 987 no

1343 1036 1482 1079 men
1509 1037 1708 1079 meum
1727 1052 1740 1067 ·
1801 1020 1900 1098 qui

1343 1124 1537 1173 autem
1566 1132 1873 1191 perseuera

1338 1208 1487 1266 uerit
1513 1208 1574 1266 in
1601 1208 1780 1268 finem
1806 1207 1900 1269 hic

1337 1302 1532 1362 saluus
1560 1303 1666 1362 erit
1687 1326 1770 1352 m

580 1415 830 1474 regnum
859 1430 874 1444 ·
934 1406 992 1457 et
1019 1407 1186 1457 erunt
1287 1398 1318 1431 *
1337 1396 1381 1429 ¹⁴
1401 1395 1554 1455 Cum
1581 1407 1778 1456 autem
1802 1396 1940 1456 uide

581 1502 766 1551 terrae
793 1502 986 1551 motus
1013 1509 1118 1567 per

580 1584 712 1645 loca
735 1618 749 1632 ·
793 1597 851 1645 et
877 1596 1045 1645 erunt
1073 1584 1132 1645 fa

581 1696 708 1739 mes
731 1711 744 1726 ·
809 1689 869 1739 et
897 1679 1118 1739 turbele
1143 1710 1156 1725 ·

581 1773 806 1832 initium
833 1773 1042 1833 dolori'i

578 1865 726 1927 haec
750 1899 765 1914 ·
808 1867 830 1901 ⁰
847 1866 1060 1927 Uidete
1086 1883 1198 1925 uos

579 1960 738 2037 ipsos
800 1960 1032 2020 tradent

579 2056 737 2114 enim
764 2074 876 2115 uos
907 2056 970 2113 in
1002 2071 1120 2114 con

579 2148 722 2208 ciliis
745 2180 760 2197 ·
819 2158 880 2208 et
905 2150 966 2207 in
995 2166 1140 2225 syna

579 2242 748 2319 gogis
775 2242 1046 2320 uapulabi

577 2337 650 2395 tis
673 2368 686 2381 ·
748 2335 826 2394 Et
853 2348 987 2396 ante
1012 2355 1076 2397 re

578 2484 684 2544 ges
711 2476 770 2527 et
795 2468 1094 2545 praesides

579 2563 802 2623 stabitis
828 2573 1067 2640 propter

578 2675 674 2715 me
701 2657 762 2715 in
789 2658 1120 2718 testimonifi

576 2751 688 2809 illis
711 2783 725 2797 ·
769 2750 816 2784 ¹⁰
834 2751 910 2810 Et
938 2752 999 2809 in
1027 2771 1241 2813 omnes

579 2854 783 2920 gentes
815 2854 1049 2922 oportet
1076 2847 1166 2923 pri

579 2955 742 2997 mum
768 2940 1052 3015 predicari

579 3033 944 3109 euangelium
964 3065 977 3080 ·
1001 3065 1014 3080 ·
1036 3067 1118 3078 —

577 3121 622 3158 ¹¹
640 3124 793 3184 Cum
820 3137 1014 3185 autem
1036 3125 1260 3203 perdux

579 3220 727 3278 erint
753 3237 863 3279 uos
891 3221 1096 3280 traden

577 3321 664 3373 tes
720 3313 899 3373 nolite
927 3315 1122 3392 cogita

577 3425 639 3467 re
700 3408 840 3485 quid
865 3409 1173 3487 loquimini

577 3500 679 3562 sed
707 3502 869 3578 quod
895 3502 1098 3562 datum
1125 3502 1188 3562 fu

579 3596 684 3655 erit
710 3596 878 3656 uobis
905 3596 967 3654 in
994 3596 1092 3656 illa

576 3688 721 3749 hora
747 3689 809 3748 id
834 3688 1138 3766 loquimini
1154 3723 1169 3736 -

577 3781 719 3842 Non
747 3783 906 3841 enim
935 3784 1088 3842 eritis
1115 3801 1226 3843 uos

575 3876 878 3954 loquentes
907 3875 1011 3935 sed
1041 3882 1142 3953 sps

579 3976 671 4029 scs
695 4002 708 4016 -
752 3968 798 4002 ¹²
812 3969 996 4029 tradet
1024 3976 1159 4030 aute

579 4063 750 4123 frater
776 4063 1010 4122 fratrem

575 4157 638 4218 in
665 4167 917 4216 mortem
937 4189 950 4202 ·
1010 4165 1070 4215 et
1095 4165 1261 4234 pater

578 4251 758 4312 filium
777 4284 790 4299 ·
850 4251 927 4310 Et
955 4261 1194 4328 surgent

1333 1491 1454 1549 ritis
1515 1489 1834 1550 abhomina

1285 1583 1315 1617 *
1337 1586 1558 1645 tionem
1587 1585 1832 1645 desolati

1280 1676 1310 1710 *
1331 1678 1462 1737 onis
1491 1687 1742 1738 stantem
1767 1679 1867 1739 ubi

1334 1790 1458 1831 non
1487 1782 1752 1850 oportet·
1818 1773 1972 1851 qu⁰d

1332 1865 1552 1925 dictum
1579 1875 1667 1925 est
1726 1884 1830 1943 per

1333 1958 1527 2019 daniel
1554 1959 1840 2036 profetam
1859 1992 1874 2007 ·

1333 2053 1431 2129 qui
1459 2052 1599 2130 legit
1625 2053 1920 2130 intellegat

1333 2145 1506 2205 Tunc
1516 2146 1614 2224 qui
1631 2148 1692 2205 in
1708 2147 1878 2207 iudea
1886 2159 2021 2207 sunt

1330 2239 1554 2317 fugiant
1582 2243 1644 2301 in
1676 2243 1974 2303 montibus

1328 2330 1374 2365 ¹⁶
1390 2333 1468 2393 Et
1487 2335 1587 2411 qui
1607 2352 1782 2412 super
1801 2344 2019 2395 tectum

1330 2484 1402 2524 ne
1431 2466 1749 2527 descendat

1327 2560 1390 2619 in
1417 2559 1661 2621 domum
1690 2580 1800 2622 nec
1828 2562 1890 2621 in

1329 2665 1513 2714 troeat
1572 2666 1637 2715 ut
1664 2655 1828 2716 tollat

1327 2748 1544 2826 aliquid
1574 2749 1647 2808 de
1676 2749 1858 2809 domo
1887 2769 1990 2811 sua

1328 2841 1371 2876 ¹⁶
1387 2839 1465 2900 Et
1492 2843 1591 2920 qui
1621 2843 1683 2902 in
1717 2860 1862 2920 agro
1889 2861 2012 2904 non

1326 2946 1642 2996 reuertatur
1667 2947 1823 2997 retro

1328 3030 1530 3089 tollere
1557 3031 1846 3090 uestimen

1326 3133 1451 3182 tum
1481 3142 1654 3184 suum
1671 3155 1716 3169 -
1755 3124 1799 3158 ¹⁷
1815 3125 1944 3185 Uae

1327 3227 1520 3277 autem
1548 3219 1854 3296 pregnanti

1325 3311 1434 3370 bus
1463 3321 1520 3370 et
1547 3313 1884 3372 nutrientib⁵
1905 3345 1920 3360 ·

1323 3405 1386 3463 in
1413 3405 1520 3465 illis
1549 3406 1754 3466 diebus
1772 3438 1786 3454 ·
1805 3441 1848 3451 -

1323 3498 1366 3532 ¹⁸
1385 3498 1564 3559 Orate
1583 3510 1776 3559 autem
1796 3511 1861 3561 ut
1880 3519 2004 3561 non

1323 3591 1514 3652 hieme
1543 3593 1690 3652 haec
1720 3595 1863 3653 fiant
1884 3625 1898 3641 ·

1323 3685 1366 3720 ¹⁹
1385 3685 1570 3746 Erunt
1596 3687 1753 3746 enim
1781 3687 1984 3748 diebus

1324 3780 1433 3840 illis
1461 3781 1860 3841 tribulationes

1323 3874 1465 3934 tales
1534 3874 1732 3952 quales
1757 3893 1881 3935 non

1325 3966 1556 4027 fuerunt
1583 3969 1659 4026 ab
1687 3968 1849 4028 initio

1325 4071 1616 4122 creaturae
1673 4080 1746 4120 ex
1775 4080 1894 4138 quo

1323 4156 1526 4215 condit
1553 4155 1620 4215 d's'
1675 4174 1860 4233 usque

1323 4250 1508 4310 modo
1528 4282 1541 4297 ·
1602 4267 1794 4328 neque
1822 4259 1990 4313 erunt

3522 397 3637 463 131
3702 408 3715 413 ·

2201 562 2341 628 post
2368 551 2515 612 haec
2539 585 2552 599 -
2596 550 2736 612 ”Et
2762 553 2875 613 nisi
2948 554 3179 632 angulis
3235 557 3312 615 ab
3340 556 3543 617 ultimo

2202 646 2313 707 dfis
2334 648 2653 707 breuiasset

2199 738 2322 800 dies
2350 751 2590 819 propter
2610 742 2732 801 elec

2073 839 2164 891 tos
2196 850 2337 893 suos
2394 853 2518 894 non
2546 836 2705 895 fieret

2193 926 2355 989 salua
2383 931 2577 989 omnis
2606 948 2743 990 caro

2195 1019 2312 1080 Sed
2339 1034 2578 1101 propter
2607 1024 2732 1084 elec

2191 1124 2281 1175 tos
2309 1134 2459 1193 quos
2489 1118 2663 1194 elegit

2189 1210 2472 1270 breuiabit
2498 1212 2621 1272 dies
2640 1244 2653 1258 ·
2697 1208 2739 1246 ²¹
2757 1208 2835 1271 Et

2188 1312 2327 1362 tunc
2358 1304 2408 1363 si
2436 1304 2565 1381 quis
2592 1306 2765 1365 uobis

2186 1394 2396 1456 dixerit
2451 1398 2611 1459 Ecce
2640 1398 2737 1458 hic
2841 1399 2904 1457 in

2184 1494 2299 1565 xps
2362 1501 2461 1550 aut
2489 1511 2629 1552 ecce
2656 1493 2770 1554 illic

2183 1583 2365 1643 nolite
2386 1585 2621 1645 credere

2182 1672 2229 1707 ²²
2244 1676 2547 1756 Exurgent
2575 1679 2735 1740 enim

2182 1772 2517 1849 pseodoxpi
2578 1784 2637 1833 et
2664 1792 2809 1851 speo

2181 1864 2521 1942 doprofetae
2578 1866 2657 1926 Et
2686 1869 2762 1928 da

2179 1960 2329 2018 bunt
2356 1960 2524 2035 signa
2549 1972 2608 2020 et
2636 1979 2744 2040 pro

2179 2050 2337 2128 digia
2393 2054 2467 2111 ad
2498 2054 2752 2115 seducen

2178 2145 2321 2204 dum
2386 2146 2448 2205 Si
2470 2148 2590 2207 fieri
2612 2167 2693 2227 po

2176 2248 2290 2298 test
2306 2240 2482 2299 etiam
2510 2242 2634 2301 elec

2172 2342 2267 2394 tos
2287 2364 2301 2380 ·
2328 2366 2341 2380 ·
2386 2334 2429 2368 Β
2447 2333 2575 2394 Uos
2602 2344 2797 2397 autem

2173 2464 2370 2526 uidete
2395 2496 2408 2513 ·
2452 2483 2593 2527 ecce
2621 2487 2727 2546 pre

2174 2559 2296 2619 dixi
2324 2561 2495 2620 uobis
2524 2563 2725 2622 omnia

2174 2653 2220 2688 ¹⁴
2241 2652 2357 2713 Sed
2383 2654 2445 2714 in
2468 2655 2575 2714 illis
2605 2657 2807 2717 diebus

2174 2758 2309 2826 post
2342 2748 2711 2809 tribulatione

2174 2841 2333 2900 illam
2356 2874 2370 2889 ·
2441 2840 2545 2902 Sol
2571 2844 2828 2903 obscura

2173 2935 2326 2994 bitur
2344 2966 2358 2982 ·
2424 2934 2503 2996 Et
2529 2936 2667 2996 luna
2694 2956 2818 2997 non

2172 3028 2335 3088 dabit
2363 3029 2735 3107 splendorem

2171 3141 2347 3181 suurn
2366 3155 2379 3169 ·
2426 3121 2471 3156 ²⁶
2491 3124 2569 3183 Et
2596 3125 2776 3185 stillae

2171 3234 2323 3293 quae
2352 3227 2486 3275 sunt
2514 3217 2575 3276 in
2604 3216 2768 3278 caelo

2169 3318 2337 3369 erunt
2366 3310 2701 3371 decidentes
2726 3343 2739 3359 ·

2169 3402 2248 3461 Et
2274 3404 2515 3464 uirtutes
2542 3405 2816 3466 caelestes

2167 3499 2662 3557 mouebuntur—

2168 3587 2212 3624 ²⁸
2228 3589 2306 3650 Et
2332 3601 2471 3651 tunc
2498 3592 2776 3652 uidebunt
2808 3594 2848 3653 fi

2167 3684 2309 3744 lium
2336 3685 2590 3745 hominis
2616 3689 2753 3746 ueni

2167 3789 2364 3838 entem
2393 3796 2530 3837 cum
2558 3781 2769 3839 nubibr
2795 3813 2809 3828 ·

2165 3889 2303 3931 cum
2330 3870 2539 3931 uirtute
2568 3873 2749 3933 multa
2778 3924 2789 3938 .

2165 3975 2225 4025 et
2250 3965 2437 4041 gloria
2456 3997 2469 4012 ·
2515 3962 2561 4000 ²⁷
2580 3965 2657 4026 Et
2684 3977 2824 4028 tunc

2111 4139 2114 4144 Ι
2165 4060 2353 4119 mittet
2380 4060 2621 4136 angelos
2645 4061 2724 4121 Et

2164 4153 2547 4230 congregabit
2571 4153 2695 4215 elec

2165 4259 2271 4308 tos
2300 4264 2445 4309 suos
2476 4265 2511 4305 a
2543 4259 2820 4324 quattuor

2946 657 3131 709 terrae
3157 668 3344 729 usque
3372 653 3449 710 ad

2946 744 3261 802 terminum
3289 744 3435 804 caeli
3464 776 3478 791 ·

2944 832 2988 868 ²⁸
3005 838 3062 895 A
3091 838 3207 897 ficu
3233 848 3430 898 autem
3459 838 3605 899 disci

2944 938 3003 989 te
3032 932 3371 1008 parabolam
3396 962 3409 980 ·
3472 940 3548 993 cii

2941 1022 3061 1082 iam
3088 1043 3284 1085 ramus
3311 1027 3433 1085 eius
3461 1036 3519 1087 te

2940 1134 3047 1176 ner
3074 1117 3243 1177 fuerit
3262 1150 3275 1165 ·
3337 1130 3395 1179 et
3420 1130 3560 1179 nata

2939 1208 3150 1271 suerint
3175 1213 3237 1271 in
3266 1231 3337 1273 ea
3363 1212 3501 1273 folia
3521 1246 3534 1261 ·

2937 1303 3309 1381 Cognoscitis
3336 1308 3500 1385 quod

2936 1400 3211 1475 proximo
3234 1401 3307 1459 sit
3328 1412 3518 1461 aestas
3538 1434 3553 1449 ·

2936 1488 2981 1525 ¹⁹
3000 1492 3097 1554 Sic
3124 1504 3182 1565 et
3202 1512 3315 1555 uos
3333 1513 3472 1555 cum
3500 1496 3635 1557 uide

2936 1586 3056 1646 ritis
3083 1586 3229 1648 haec
3258 1590 3459 1649 omnia
3486 1589 3561 1650 fie

2934 1680 2986 1739 ri
3014 1712 3028 1727 ·
3074 1682 3279 1741 scitote
3342 1683 3506 1761 quod
3533 1685 3595 1743 in

2935 1776 3203 1851 proximo
3229 1787 3320 1836 est
3346 1778 3407 1836 in
3435 1787 3565 1838 oste

2931 1867 2983 1927 is
3005 1899 3020 1915 ·
3063 1866 3109 1901 ³⁰
3124 1887 3297 1928 amen
3314 1869 3447 1931 dico
3466 1872 3633 1933 uobis

2932 1967 3076 2038 qiim
3104 1980 3230 2021 non
3258 1966 3495 2024 transiet

2930 2056 3231 2132 generatio
3259 2056 3369 2116 hec
3427 2059 3509 2118 do

2930 2166 3042 2208 nec
3070 2149 3271 2209 omnia
3296 2151 3407 2209 ista
3435 2152 3577 2211 fiant
3596 2184 3611 2200 ·

2928 2240 2970 2273 ³¹
2991 2241 3237 2302 Caelum
3264 2254 3325 2303 et
3340 2254 3487 2304 terra
3503 2257 3633 2306 tran

2928 2335 3125 2395 sibunt
3180 2339 3362 2399 uerba
3388 2345 3525 2399 aute

2927 2484 3062 2526 mea
3090 2485 3213 2527 non
3240 2471 3563 2530 transibunt
3584 2502 3599 2517 ·

2926 2557 2972 2593 θ’
2987 2560 3079 2620 De
3109 2561 3201 2621 die
3228 2573 3425 2622 autem
3451 2565 3548 2624 illa
3569 2575 3629 2626 et

2927 2654 3071 2714 hora
3098 2674 3274 2715 nemo
3305 2659 3411 2717 scit

2927 2747 3173 2826 Nequae
3191 2751 3381 2826 angeli
3410 2752 3471 2810 in
3500 2763 3605 2811 cae

2925 2841 2985 2900 lo
3042 2861 3275 2919 nequae
3302 2844 3453 2904 filius

2925 2935 3035 2994 nisi
3062 2948 3225 3013 pater
3245 2969 3258 2984 ·
3300 2937 3344 2970 ³³
3362 2937 3516 2998 Uide

2924 3037 2982 3088 te
3009 3047 3151 3106 ergo
3210 3031 3448 3107 uigilate

2924 3134 2983 3182 et
3010 3133 3173 3183 orate
3230 3126 3447 3186 nesctis

2924 3218 3084 3276 enim
3112 3218 3353 3294 quando
3380 3225 3438 3278 te

2923 3329 3034 3389 pus
3062 3313 3135 3371 sit
3159 3344 3173 3358 ·
3216 3313 3261 3346 ⁸⁴
3282 3314 3432 3372 sicut
3460 3315 3541 3374 ho

2923 3423 3025 3464 mo
3053 3424 3295 3482 peregre
3323 3425 3433 3484 pro

2920 3497 3107 3559 fectus
3125 3531 3139 3546 ·
3199 3498 3345 3559 relin

2918 3609 3107 3668 quens
3135 3592 3381 3652 domum
3411 3610 3482 3654 su

2917 3703 3017 3745 am
3040 3717 3055 3732 ·
3119 3686 3258 3745 data
3288 3687 3473 3747 seruis

2918 3780 3039 3840 suis
3066 3789 3353 3857 potestate

2916 3874 3235 3950 cuiusquae
3262 3877 3457 3952 operis
3476 3907 3493 3925 ·

2916 3966 2995 4028 Et
3023 3968 3258 4027 ostiario
3288 3988 3427 4046 prae

2914 4062 3093 4139 cipiat
3119 4071 3183 4120 ut
3207 4062 3409 4138 uigilet
3424 4094 3441 4112 ·

2914 4155 2961 4190 ⁸⁸
2979 4156 3227 4233 Uigilate
3255 4174 3397 4232 ergo
3461 4175 3539 4217 ne

2913 4251 3071 4311 scitis
3097 4249 3254 4310 enim
3282 4248 3521 4326 quando

3188 4364 3216 4405 s
3249 4365 3278 4404 ε

3662 567 3789 617 1⁸01.
3811 570 3935 619 198.
