4373 5048
782 336 868 418 96

487 508 614 558 rol.
633 509 758 559 129.
781 508 914 569 illos
934 540 950 556 ·
1013 509 1036 542 ⁸
1053 526 1190 569 cum
1219 508 1340 568 inui

781 613 934 663 tatus
961 602 1136 663 fuel-Is
1164 605 1239 662 ab

779 697 978 777 aliquo
1005 697 1082 756 ad
1110 696 1278 774 nupti

781 809 846 849 as
913 791 1037 850 noli
1065 789 1292 849 discum

779 886 918 943 bere
947 884 1008 942 in
1037 884 1229 962 primo
1261 883 1321 943 lo

781 996 855 1037 co
874 1008 888 1024 ·
949 996 1024 1037 ne
1054 978 1198 1038 forte
1227 979 1308 1038 ho

779 1074 1040 1132 noratior
1067 1082 1124 1133 te
1153 1074 1226 1131 sit

779 1176 1028 1227 uocatus
1048 1198 1064 1213 ·
1124 1168 1146 1201 ⁹
1163 1166 1240 1225 Et
1265 1166 1403 1227 ueni

779 1269 839 1319 at
866 1262 966 1338 qui
992 1272 1049 1320 te
1077 1270 1134 1320 et
1162 1261 1322 1319 illum

780 1355 1017 1414 uocauit
1082 1364 1140 1415 et
1166 1356 1323 1415 dicat

779 1449 885 1507 tibi
967 1449 1042 1508 da
1071 1449 1206 1509 huic
1236 1450 1373 1509 locu

777 1542 855 1601 Et
882 1543 1124 1620 incipies
1152 1562 1288 1603 cum
1316 1562 1384 1603 ru

779 1636 921 1695 bore
950 1636 1277 1697 nouissimil

777 1729 976 1789 locum
1001 1740 1199 1791 tenere

779 1824 824 1858 ²⁰
843 1824 959 1883 Sed
985 1843 1121 1884 cum
1148 1834 1395 1886 uocatus

779 1916 955 1978 fueris
980 1919 1132 1978 uade
1161 1938 1224 1979 re

779 2012 992 2071 cumbe
1021 2013 1082 2071 in
1111 2013 1281 2072 nouis

781 2106 932 2165 simo
959 2104 1096 2164 loco
1114 2137 1128 2152 ·
1192 2118 1256 2167 ut
1283 2112 1359 2167 cu

777 2198 1000 2258 uenerit
1027 2200 1128 2278 qui
1155 2210 1211 2261 te
1239 2202 1300 2260 in

777 2294 985 2352 uitauit
1011 2293 1164 2354 dicat
1190 2295 1295 2354 tibi

780 2424 988 2484 Amice
1017 2425 1229 2485 accede
1248 2444 1318 2486 su

780 2518 1042 2596 superius
1061 2551 1078 2566 ·
1135 2529 1275 2580 tunc

779 2615 887 2673 erit
908 2615 1008 2674 tibi
1037 2615 1222 2690 gloria

780 2726 916 2768 cum
945 2709 1116 2768 simul
1144 2709 1310 2769 discii

777 2803 1051 2861 bentibus
1074 2834 1089 2851 ·
1131 2801 1174 2836 ¹¹
1194 2804 1332 2880 quia

778 2895 974 2955 omnis
1002 2897 1102 2974 qui
1131 2916 1193 2958 se
1222 2897 1353 2957 exal

778 2999 863 3048 tat
889 2990 1240 3050 humiliabar

778 3092 837 3144 et
863 3085 961 3161 qui
991 3103 1054 3143 se
1082 3085 1344 3147 humiliat

778 3177 1122 3238 exaltabitur
1143 3211 1159 3226 ·
1183 3205 1266 3234 m

779 3269 824 3304 ¹²
840 3271 1088 3332 Dicebat
1116 3283 1309 3333 autem
1335 3283 1394 3333 et

778 3365 1074 3425 inuitatori
1095 3398 1108 3413 -
1181 3386 1319 3426 cum

779 3459 918 3520 f⁸cis
944 3462 1253 3537 prandium

780 3563 881 3613 aut
900 3572 1112 3614 cenam
1131 3585 1146 3602 ·
1209 3554 1332 3614 noli

780 3648 1022 3708 inuitare
1050 3649 1276 3709 amicos

777 3752 913 3802 tuos
935 3775 951 3790 ·
1014 3761 1205 3822 neque
1233 3743 1321 3803 sra

777 3845 891 3896 tres
914 3868 928 3883 ·
993 3856 1184 3918 neque
1211 3856 1330 3916 cog

781 3941 952 3991 natos
979 3940 1113 3992 tuos
1133 3963 1148 3978 ·
1211 3951 1288 3992 ne

781 4044 931 4104 quae
959 4027 1186 4088 uicinos
1213 4027 1334 4086 diui

777 4129 866 4181 tes
885 4151 900 4168 ·
960 4140 1035 4181 ne
1063 4121 1210 4182 sorte

778 4225 838 4275 et
862 4215 974 4294 ipsi
1002 4226 1059 4276 te
1086 4217 1398 4276 reinuitent

2149 338 2389 400 SECD
2410 368 2423 384 ·

1534 507 1614 567 Et
1639 509 1746 570 erit
1774 509 1875 569 tibi
1905 510 2116 570 retribu

1534 602 1650 662 tio·
1694 602 1738 635 ¹³
1756 604 1859 663 sed
1889 623 2027 664 cum
2055 604 2201 665 sacis

1533 698 1874 758 conuiuium
1963 718 2116 759 uoca

1533 810 1818 869 pauperes
1848 800 1875 819 ⁴·
1900 792 2120 853 debiles

1533 884 1738 945 clodos
1758 917 1772 933 ·
1817 904 2028 948 caecos
2095 886 2140 920 ¹⁴
2161 897 2220 947 et

1533 980 1740 1039 beatus
1768 980 1880 1040 eris
1903 1012 1918 1027 ·
1982 980 2142 1059 quod

1533 1090 1659 1132 non
1687 1072 1906 1133 habent
1932 1076 2064 1135 retri

1534 1168 1708 1226 buere
1731 1168 1834 1227 tibi
1859 1200 1873 1215 ·
1929 1167 2059 1229 retri

1532 1262 1742 1321 buetur
1767 1270 1962 1321 autem
1991 1264 2094 1323 tibi

1531 1353 1594 1412 in
1622 1358 2037 1416 resurrectione

1533 1448 1816 1508 iustorum
1840 1481 1856 1496 ·
1918 1449 1964 1483 ¹⁸
1980 1451 2138 1510 Audi

1531 1560 1638 1601 ens
1665 1552 1860 1602 autem
1887 1546 2116 1622 quida·-

1532 1636 1606 1695 de
1634 1636 1806 1695 simul
1836 1638 2062 1698 discum

1532 1730 1806 1790 bentibus
1833 1720 1978 1791 haec
2007 1732 2108 1791 dix

1531 1824 1576 1882 it
1601 1824 1715 1883 illi·
1777 1824 1990 1886 Beatus

1530 1917 1632 1995 qui
1659 1919 2025 1979 manducaue

1529 2011 1602 2069 rit
1628 2030 1845 2089 panem
1873 2014 1934 2072 in
1967 2032 2070 2091 reg

1533 2122 1614 2163 no
1642 2105 1776 2163 din
1817 2105 1958 2167 “At
1985 2108 2110 2186 ipse

1534 2198 1676 2257 dixit
1690 2201 1747 2259 ei
1765 2230 1780 2247 ·
1801 2232 1816 2247 ·
1855 2200 2065 2262 Homo

1531 2293 1772 2370 quidam
1798 2293 1932 2355 fecit

1533 2443 1774 2485 caenam
1803 2443 2081 2504 magnam

1529 2529 1588 2579 et
1614 2508 1848 2581 uocauit
1874 2520 2090 2582 multos
2113 2554 2130 2570 ·

1529 2613 1575 2647 ¹⁷
1590 2625 1649 2674 et
1675 2617 1830 2674 misit
1857 2633 2092 2675 seruum
2122 2635 2193 2676 su

1530 2726 1633 2767 um
1661 2709 1736 2768 ad
1763 2709 1970 2770 horam
1998 2729 2215 2771 caenae

1531 2813 1596 2862 ut
1624 2803 1842 2864 diceret
1870 2805 2054 2864 inuita

1530 2898 1602 2956 tis
1691 2899 1879 2957 uenite
1907 2899 2022 2958 iam
2052 2917 2131 2976 pa

1530 3000 1720 3051 ratum
1748 3001 1836 3052 est
1854 3023 1868 3039 ·
1913 2989 1956 3024 ¹⁸
1969 2993 2048 3052 Et
2077 3012 2185 3053 coe

1532 3095 1742 3162 perunt
1769 3085 1939 3144 simul
1967 3103 2070 3146 om

1531 3197 1636 3238 nes
1664 3197 1940 3238 excusare
1969 3199 2030 3240 se

1531 3271 1760 3332 Primus
1789 3273 1932 3332 dixit
2015 3273 2095 3333 uil

1530 3365 1649 3426 lam
1677 3367 1827 3426 aemi
1853 3379 1912 3425 et
1938 3385 2112 3428 neces

1532 3477 1592 3518 se
1621 3459 1812 3518 habeo
1839 3461 1995 3519 exire
2025 3471 2086 3522 et

1531 3552 1728 3612 uidere
1757 3552 1916 3611 illam
1940 3585 1955 3600 ·
2023 3573 2092 3614 ro

1533 3665 1614 3725 go
1643 3659 1698 3706 te
1727 3646 1878 3705 habe
1907 3665 2002 3707 me
2030 3668 2211 3711 excus

1534 3751 1723 3802 satum
1754 3773 1768 3789 ·
1793 3772 1810 3788 ·
1834 3772 1848 3788 ·
1879 3739 1924 3775 ¹⁹
1938 3742 2016 3800 Et
2043 3744 2193 3805 alius

1533 3836 1679 3896 dixit
1705 3837 1843 3913 iuga
1869 3836 2092 3897 bouum

1532 3931 1684 3990 aemi
1711 3932 1918 4009 quinq*
1945 3941 2005 3992 et
2029 3952 2104 3994 eo

1532 4027 1779 4103 probare
1808 4027 1903 4088 illa
1963 4038 2022 4088 et
2049 4029 2068 4085 i

1532 4121 1644 4180 deo
1672 4123 1871 4181 uenire
1899 4140 2022 4182 non
2049 4140 2159 4200 pos

2346 526 2591 569 uxorem
2623 508 2765 569 duxi
2828 517 2887 568 et

2346 622 2469 663 non
2498 620 2741 680 possum
2771 602 2907 661 ueni

2344 715 2407 757 re
2430 729 2445 743 ·
2466 728 2481 743 ·
2502 728 2517 745 ·
2560 694 2603 728 ⁸¹
2622 697 2701 757 Et
2728 714 2994 758 reuersus

2345 808 2549 852 seruus
2618 793 2826 851 nuntia

2344 885 2429 943 uit
2455 883 2565 945 hec
2597 885 2717 946 dr'ro
2744 902 2856 945 suo
2879 916 2895 931 ·

2344 977 2521 1039 Tunc
2549 980 2727 1039 iratus
2754 989 2921 1056 pater

2342 1070 2585 1131 familias
2606 1104 2621 1121 ·
2686 1072 2830 1133 dixit
2858 1090 2951 1133 ser

2340 1184 2420 1226 uo
2446 1184 2557 1227 suo
2577 1198 2591 1213 ·
2654 1166 2769 1231 Exi
2796 1168 2913 1227 cito

2340 1261 2403 1319 in
2429 1260 2633 1337 plateis
2660 1271 2719 1320 et
2746 1261 2893 1321 uicis

2340 1354 2587 1413 ciuitatis
2606 1386 2621 1401 ·
2684 1363 2742 1414 et
2768 1374 2961 1433 paupe

2340 1466 2432 1507 res
2460 1466 2529 1507 ac
2558 1448 2775 1508 debiles
2802 1460 2862 1507 et

2340 1559 2550 1601 caecos
2576 1553 2636 1601 et
2663 1542 2869 1602 clodos

2339 1635 2609 1695 introduc
2637 1635 2753 1695 huc
2776 1667 2792 1682 ·
2836 1633 2881 1670 ²²
2894 1635 2973 1696 Et

2338 1730 2418 1788 ait
2446 1748 2647 1789 seruus
2674 1728 2831 1790 sactu

2336 1834 2425 1883 est
2452 1824 2565 1885 dfie
2595 1824 2743 1883 sicut
2771 1825 2929 1902 impe

2337 1918 2473 1977 rasti
2497 1949 2512 1966 ·
2573 1917 2653 1977 Et
2680 1918 2873 1978 adhuc

2329 2011 2495 2071 locus
2520 2022 2611 2072 est
2634 2043 2648 2059 ·
2673 2044 2688 2059 ·
2713 2043 2728 2059 ·
2750 2010 2796 2045 ²³
2814 2024 2871 2073 et
2896 2013 2977 2072 ait

2328 2104 2439 2165 dfis
2468 2124 2639 2167 seruo
2664 2138 2678 2155 ·
2740 2108 2837 2168 exi
2862 2108 2923 2167 in

2326 2202 2485 2259 uiam
2513 2201 2671 2261 circa
2697 2219 2868 2279 sepes

2326 2302 2385 2353 et
2413 2295 2676 2372 conpelle
2702 2307 2767 2356 ut
2792 2296 2855 2355 in

2328 2434 2482 2486 trent
2500 2457 2515 2474 ·
2576 2436 2645 2485 ut
2672 2427 2867 2506 inplea

2326 2530 2419 2579 tur
2446 2520 2659 2580 domus
2688 2541 2822 2583 mea

2325 2614 2371 2649 ²⁴
2388 2612 2542 2675 Dico
2570 2627 2766 2676 autem
2794 2619 2965 2679 uobis

2327 2709 2487 2789 quod
2515 2729 2691 2770 nemo
2719 2712 2847 2771 uiro

2326 2821 2457 2862 rum
2484 2803 2713 2864 illorum
2741 2808 2842 2884 qui

2325 2898 2522 2956 uocati
2550 2908 2685 2958 sunt
2712 2911 2883 2977 gusta

2324 2991 2471 3049 bunt
2498 3010 2743 3052 caenam
2772 3011 2907 3054 mea

2320 3081 2365 3117 ’⁸
2382 3084 2557 3144 Ibant
2578 3083 2738 3145 Βὸἒέίὲ
2758 3097 2953 3146 autem

2320 3196 2457 3238 cum
2484 3178 2584 3238 illo
2611 3181 2813 3240 turbae

2320 3272 2535 3332 multae
2556 3303 2570 3320 ·
2634 3273 2711 3332 Et
2739 3293 2963 3335 conuer-

2320 3383 2421 3426 sus
2449 3367 2525 3426 ad
2555 3367 2682 3426 illos
2710 3367 2853 3427 dixit
2874 3399 2889 3415 ·

2319 3457 2362 3493 ²⁸
2381 3459 2441 3518 Si
2470 3462 2598 3539 quis
2619 3463 2779 3520 uenit
2801 3463 2876 3523 ad
2905 3482 3002 3525 me

2317 3563 2375 3613 et
2404 3573 2527 3613 non
2554 3555 2677 3615 odit
2705 3562 2869 3632 patre

2318 3666 2491 3707 suum
2516 3660 2576 3709 et
2602 3655 2788 3711 matre

2316 3753 2375 3803 et
2402 3761 2647 3804 uxorem
2670 3775 2685 3792 ·
2748 3755 2807 3805 et
2836 3746 2985 3808 filios

2316 3847 2373 3897 et
2400 3836 2603 3898 fratres
2625 3870 2640 3885 ·
2700 3849 2759 3900 et
2786 3859 2922 3900 soro

2316 3949 2407 3992 res
2430 3964 2445 3979 ·
2514 3934 2691 3994 etiam

2314 4036 2374 4086 et
2400 4027 2660 4087 animam
2688 4047 2759 4088 su

2315 4139 2411 4180 am
2432 4153 2447 4168 ·
2512 4140 2633 4182 non
2662 4134 2853 4202 potest

3453 349 3617 413 [XIV.
3639 363 3808 417 7-33.

3099 506 3229 569 ”Et
3256 511 3357 590 qui
3386 528 3507 571 non
3536 512 3755 573 baiulat
3830 530 3961 581 ποι.
3982 536 4117 582 180.

3099 622 3339 663 crucem
3365 623 3533 665 suam
3560 617 3621 666 et

3098 698 3259 757 uenit
3287 709 3423 775 post
3452 718 3547 758 me
3617 711 3733 761 non

3098 800 3295 868 potest
3322 811 3451 853 esse
3480 812 3647 855 meus

3101 884 3422 962 discipulus
3443 918 3457 933 ·
3480 920 3494 935 ·
3519 918 3535 934 ·

3098 974 3142 1011 ²⁸
3160 978 3313 1051 Quis
3340 1000 3415 1040 ex
3440 983 3613 1043 uobis
3638 1001 3719 1043 uo

3096 1072 3225 1133 lens
3254 1084 3469 1135 turrem
3490 1078 3618 1137 aedi

3097 1166 3269 1227 ficare
3298 1187 3421 1229 non
3448 1171 3609 1247 prius

3095 1260 3308 1321 sedens
3336 1274 3594 1341 conputa

3090 1354 3173 1412 uit
3201 1366 3423 1419 sumtus
3504 1360 3605 1436 qui

3090 1452 3399 1510 necessarii
3427 1466 3563 1512 sunt

3091 1542 3139 1599 si
3168 1542 3343 1603 babet
3370 1544 3445 1605 ad
3473 1554 3659 1607 consil

3091 1636 3373 1696 mandum
3396 1669 3411 1686 ·
3474 1640 3520 1675 ⁸⁹
3536 1660 3645 1701 nec

3090 1740 3297 1805 postea
3322 1750 3501 1809 quam
3530 1753 3611 1812 po

3089 1824 3264 1882 suerit
3284 1824 3465 1887 sunda
4360 1798 4362 1905 ff

3088 1926 3352 1977 mentum
3365 1952 3379 1968 ·

3085 2009 3163 2068 Et
3184 2029 3307 2071 non
3335 2032 3419 2091 po

3082 2106 3251 2164 tuerit
3278 2125 3395 2167 con

3082 2214 3371 2261 summare
3454 2222 3557 2265 om

3081 2309 3188 2351 nes
3216 2296 3315 2371 qui
3340 2297 3625 2360 uidebunt

3079 2423 3125 2457 ⁸⁰
3145 2424 3341 2486 dicent
3421 2430 3558 2507 quia
3584 2431 3682 2492 hic

3079 2517 3261 2580 homo
3288 2524 3483 2600 coepit
3510 2524 3641 2584 aedi

3080 2614 3255 2673 ficare
3324 2627 3383 2676 et
3408 2635 3532 2678 non
3558 2631 3706 2697 potu

3079 2707 3123 2766 it
3151 2727 3562 2773 consummare
3580 2745 3667 2758 —-

3078 2800 3121 2835 ⁸¹
3144 2803 3268 2862 Aut
3293 2805 3423 2882 quis
3450 2825 3552 2867 rex
3578 2809 3763 2870 iturus

3077 2899 3379 2959 comittere
3400 2900 3601 2960 bellu‘·
3622 2933 3639 2950 ·

3076 2989 3353 3052 aduersus
3380 2995 3558 3054 alium.

3074 3102 3273 3161 regem
3294 3119 3307 3132 ·
3352 3105 3475 3147 non
3502 3090 3661 3165 prius

3074 3179 3288 3240 sedens
3315 3183 3596 3258 cogitabit
3618 3216 3633 3231 ·

3072 3274 3121 3332 si
3149 3276 3399 3350 potuerit
3426 3295 3564 3336 cum
3592 3277 3665 3338 de

3071 3386 3203 3426 cem
3234 3370 3463 3430 milibus
3489 3374 3571 3432 ob

3069 3462 3231 3521 uiare
3256 3465 3311 3523 ei
3338 3466 3439 3543 qui
3467 3484 3605 3526 cum

3068 3557 3290 3634 uiginte
3320 3561 3551 3620 milibus
3582 3580 3655 3621 ue

3068 3651 3152 3709 nit
3180 3652 3459 3714 aduersus
3488 3673 3551 3714 se
3570 3689 3637 3701 -

3067 3741 3113 3776 ⁸⁹
3136 3746 3415 3826 Alioquin
3446 3749 3639 3810 adhuc
3667 3751 3771 3810 illo

3066 3840 3245 3918 longe
3274 3852 3485 3918 agente
3508 3875 3523 3891 ·
3582 3844 3715 3922 lega

3068 3934 3289 3993 tionem
3318 3937 3486 3996 mittit
3512 3957 3580 3999 ro

3068 4047 3217 4106 gans
3245 4048 3454 4107 pacem
3474 4063 3489 4078 ·
3507 4064 3591 4075 —

3068 4123 3111 4156 ⁸⁸
3130 4123 3226 4184 Sic
3254 4143 3400 4202 ergo
3424 4145 3499 4185 ex
3528 4127 3701 4187 uobis

1532 4232 1666 4275 sum
1689 4246 1704 4263 ·
1717 4247 1733 4262 ·
1754 4213 1885 4275 ”Et
1913 4215 2059 4276 alius
2088 4217 2231 4276 dixit
2315 4233 2483 4276 meus
2510 4216 2829 4297 discipulus
2852 4239 2983 4282 esse
3067 4219 3169 4297 qui
3198 4236 3323 4279 non
3348 4221 3641 4282 renuntiat
