4373 5048
605 347 717 419 vn.
742 362 919 431 1-29.]

306 537 431 587 rol.
454 538 575 586 108.
604 525 794 603 plebis
817 556 831 572 ·
896 524 1131 583 intrauit

604 637 961 697 capernaum
985 650 1000 666 ·
1066 617 1088 649 ²
1108 617 1239 677 Cen

602 715 849 774 tux-ionis
878 722 1073 773 autem

602 809 907 869 cuiusdam
936 824 1141 868 seruus

602 902 753 962 male
783 902 1009 961 habens
1035 910 1161 959 erat

601 998 911 1056 moriturus
980 995 1077 1073 qui

600 1090 678 1149 illi
707 1099 832 1151 erat
858 1090 1147 1167 pretiosus

600 1183 718 1243 ’Et
746 1202 882 1244 cum
912 1184 1169 1243 audisset
1201 1183 1277 1241 de

600 1277 699 1337 ihu
782 1278 939 1336 misit
966 1277 1133 1336 senio

598 1390 692 1431 res
719 1372 1025 1431 iudeorum
1051 1388 1119 1429 ro

596 1484 747 1543 gans
774 1482 912 1525 eum
992 1474 1057 1523 ut
1082 1463 1221 1522 ueni

598 1578 705 1619 ens
733 1559 979 1619 saluaret
1006 1576 1100 1617 ser

595 1670 739 1713 uum
768 1654 893 1713 eius
918 1685 931 1698 ·
956 1682 973 1699 ·
1015 1652 1038 1684 ⁴
1054 1660 1115 1711 at
1140 1650 1219 1709 illi

596 1747 901 1827 uenientes
930 1745 1005 1805 ad
1032 1746 1154 1805 ihm
1179 1775 1191 1791 ·

597 1842 884 1917 rogabant
912 1857 1047 1899 eum
1078 1839 1169 1899 sol

595 1933 747 1993 licite
776 1934 1037 1993 dicentes

594 2028 732 2106 quia
761 2027 975 2104 dignus
1002 2034 1091 2085 est

592 2130 660 2179 ut
685 2119 797 2181 hoc
826 2120 881 2179 ei
906 2129 1131 2197 prestes
1151 2150 1166 2165 ·

597 2213 837 2289 ‘Diligit
864 2214 1021 2273 enim
1049 2218 1225 2290 gente

596 2318 860 2368 nostram
876 2338 891 2353 ·
955 2318 1016 2367 et
1041 2326 1187 2384 syna

594 2419 815 2479 gogam
842 2402 967 2479 ipse
996 2400 1167 2461 aedifi

595 2533 753 2592 cauit
778 2535 951 2593 nobis
970 2564 985 2579 ·
1047 2534 1069 2566 ⁶
1085 2533 1177 2593 ihs

597 2638 793 2689 autem
822 2627 962 2686 abiit
988 2645 1125 2686 cum

596 2723 683 2783 eis
702 2753 716 2769 ·
782 2731 999 2782 etcum
1027 2722 1144 2780 iam
1173 2737 1297 2780 non

594 2815 775 2893 longe
802 2824 956 2875 esset
982 2833 1020 2873 a
1046 2813 1295 2872 domu-

596 2907 761 2968 Misit
790 2909 865 2967 ad
894 2908 1059 2967 illum
1089 2925 1201 2966 cen

594 3002 747 3062 turio
773 3003 999 3061 amicos
1026 3000 1086 3059 di

597 3113 739 3155 cens
756 3126 771 3143 ·
835 3095 951 3154 dfie
972 3125 987 3140 ·
1046 3094 1165 3154 noli
1192 3103 1251 3154 te

594 3207 812 3248 uexare
831 3219 845 3236 ·
906 3207 1028 3248 non
1058 3188 1204 3247 eni‘·

595 3283 809 3360 dignus
838 3301 969 3343 sum
995 3291 1061 3341 ut
1086 3283 1199 3342 sub

597 3387 816 3438 tectum
843 3393 1045 3435 meum
1070 3376 1133 3434 in

596 3480 710 3531 tres
728 3502 743 3518 ·
804 3471 829 3504 ⁷
844 3479 1083 3548 propter

596 3565 756 3644 quod
786 3584 897 3624 nec
922 3564 1167 3641 dignum

598 3678 693 3719 me
723 3658 975 3718 indicaui
1060 3656 1197 3716 ueni

599 3773 661 3814 re
690 3754 765 3812 ad
792 3764 849 3812 te
868 3785 883 3800 ·
946 3751 1051 3812 sed
1078 3751 1173 3810 dic

598 3849 783 3908 uerbo
811 3857 869 3908 et
896 3847 1189 3906 sanabitur

596 3960 742 4020 puer
768 3959 937 4000 meus
960 3971 975 3988 ·
1037 3939 1059 3974 ⁸
1078 3937 1237 3998 Nam

596 4045 656 4095 et
683 4053 797 4112 ego
826 4034 1007 4093 homo
1037 4050 1167 4092 sum

598 4133 707 4189 sub
736 4138 1021 4206 potestate
1049 4144 1168 4186 con

597 4224 827 4283 stitutus
846 4253 860 4268 ·
922 4220 1146 4280 habens

596 4331 705 4389 sub
731 4347 827 4387 me
854 4328 1065 4387 milites
1090 4359 1103 4374 ·
1134 4338 1194 4387 et
1216 4363 1233 4368 -

596 4423 729 4484 dico
758 4423 889 4482 huic
915 4421 1070 4481 uade

1914 350 2232 413 LUCAN
2253 382 2266 397 ·

1362 532 1421 581 et
1448 521 1609 583 uadit
1628 554 1641 569 ·
1708 532 1766 583 et
1792 523 1889 583 alii
1918 540 1993 583 ue

1361 618 1422 675 ni
1453 628 1511 676 et
1536 617 1731 677 uenit·
1792 628 1850 677 et
1878 636 1971 677 ser

1358 729 1435 771 uo
1464 730 1598 771 meo
1626 712 1721 772 fac
1748 712 1861 773 hoc
1887 723 1945 772 et
1974 712 2033 772 fa

1356 806 1435 863 cit
1453 836 1466 851 ·
1528 805 1815 865 ’Audiens
1842 812 1975 865 aute

1354 897 1501 958 haec
1529 899 1619 959 ihs
1647 900 1887 959 miratus
1915 908 2003 959 est

1354 1010 1491 1051 eum
1511 1023 1525 1039 ·
1584 1004 1643 1053 et
1670 1011 1988 1054 conuersus

1355 1088 1733 1164 sequentibus
1762 1106 1825 1147 se
1856 1088 1955 1147 dix

1355 1180 1399 1239 it
1426 1181 1607 1241 turbis
1630 1213 1645 1228 ·
1707 1182 1842 1241 dico
1870 1200 1951 1241 uo

1355 1274 1445 1333 bis
1465 1307 1479 1323 ·
1540 1276 1599 1333 in
1628 1276 1788 1335 nullo
1816 1283 1978 1337 tanta

1355 1367 1533 1427 fidem
1560 1370 1760 1429 inueni
1789 1371 1849 1430 in
1878 1370 1951 1431 isi
1968 1380 1990 1417 ο·

1352 1460 1397 1494 ¹⁰
1406 1461 1483 1521 Et
1510 1464 1723 1529 reuersi
1751 1464 1850 1542 qui
1877 1465 1991 1524 mis

1352 1556 1401 1615 si
1430 1568 1624 1617 erant·
1688 1558 1905 1619 iuuene

1352 1659 1485 1709 runt
1512 1669 1745 1712 seruum
1774 1660 1921 1713 sanfi
1943 1683 1958 1700 ·

1350 1741 1393 1777 ¹¹
1412 1744 1491 1802 Et
1515 1743 1731 1805 factum
1762 1754 1851 1805 est
1879 1746 2015 1806 dein

1348 1856 1490 1915 ceps
1516 1839 1639 1900 ibat
1666 1840 1727 1897 in
1754 1840 1927 1899 ciuita

1349 1940 1470 1991 tem
1497 1950 1647 2011 quae
1673 1920 1921 1993 uocatur

1348 2026 1487 2085 nain
1510 2056 1525 2073 ·
1590 2036 1649 2086 et
1675 2027 1839 2087 ibant
1864 2046 2001 2088 cum

1348 2120 1446 2178 illo
1475 2120 1744 2198 discipuli
1772 2122 1897 2182 eius

1344 2214 1509 2273 multi
1536 2224 1595 2273 et
1622 2216 1787 2275 turba
1816 2234 1891 2275 co

1346 2309 1517 2386 piosa
1538 2340 1553 2355 ·
1615 2307 1659 2342 ²⁹
1673 2321 1731 2369 et
1758 2310 1978 2371 factum

1348 2413 1433 2463 est
1464 2402 1605 2463 dum
1632 2405 1921 2482 adpropia

1346 2544 1433 2594 ret
1461 2547 1661 2612 portae
1690 2537 1939 2597 ciuitatis
1958 2570 1973 2586 ·

1344 2628 1423 2686 Et
1449 2648 1589 2690 ecce
1618 2629 1905 2690 serebatur

1346 2721 1653 2784 defunctus
1681 2725 1830 2785 filius

1344 2816 1555 2876 unicus
1584 2819 1781 2876 matris
1811 2836 1949 2878 suae
1967 2849 1982 2865 ·

1345 2908 1424 2968 Et
1450 2909 1595 2969 haec
1622 2912 1800 2970 uidua
1820 2921 1945 2971 erat
1960 2941 1977 2959 ·

1348 3014 1408 3062 ct
1434 3006 1601 3064 turba
1628 3005 1877 3065 ciuitatis

1346 3099 1527 3156 multa
1554 3116 1689 3158 cum
1716 3099 1813 3158 illa
1832 3130 1847 3146 ·

1347 3191 1391 3225 ¹³
1406 3210 1583 3270 quam
1612 3211 1748 3252 cum
1772 3193 1998 3254 uideret

1345 3286 1456 3344 dns
1484 3288 1749 3346 misertus
1776 3298 1865 3347 est

1347 3397 1523 3457 super
1549 3399 1681 3440 eam
1704 3413 1719 3428 ·
1778 3383 1859 3441 Et
1886 3383 2032 3441 dixit

1348 3473 1427 3532 illi
1496 3475 1615 3534 noli
1642 3475 1783 3536 flere
1804 3507 1819 3523 ·
1882 3475 1927 3509 ¹⁴
1942 3477 2021 3536 Et

1347 3568 1594 3629 accessit
1662 3579 1721 3630 et
1749 3571 1935 3650 tetigit

1344 3662 1603 3722 loculum
1625 3695 1641 3710 ·
1700 3664 1763 3722 hi
1790 3669 1923 3724 aute

1346 3758 1446 3835 qui
1475 3760 1788 3835 portabant
1816 3767 1903 3817 ste

1347 3860 1539 3911 terunt
1556 3885 1572 3900 ·
1631 3853 1710 3910 Et
1730 3853 1809 3911 ait
1831 3885 1846 3898 ·
1889 3852 2007 3911 adu

1345 3948 1575 4006 lescens
1602 3947 1705 4005 tibi
1734 3946 1868 4006 dico

1351 4059 1526 4118 surge
1546 4072 1559 4087 ·
1620 4040 1666 4073 ¹⁵
1681 4040 1759 4099 Et
1785 4039 2000 4100 resedit

1348 4137 1447 4213 qui
1474 4145 1597 4194 erat
1624 4143 1884 4194 mortuus
1906 4165 1921 4181 ·

1348 4239 1409 4290 et
1424 4230 1618 4306 coepit
1636 4229 1797 4307 loqui
1821 4260 1835 4276 ·
1879 4228 2027 4287 etde

1348 4323 1431 4384 dit
1456 4325 1617 4384 illum
1646 4321 1814 4382 matri
1842 4323 1967 4380 eius
1990 4352 2005 4368 ·

1346 4417 1642 4497 ¹‘Accepit
1657 4427 1853 4476 autem
1868 4417 2042 4474 timor

2163 538 2416 598 magnus
2445 538 2651 581 omnes
2683 549 2696 566 ·

2161 626 2222 674 et
2250 614 2708 692 magnificabant

2161 710 2264 768 dffi
2293 710 2554 769 dicentes
2573 740 2586 755 ·

2160 803 2323 880 quod
2350 802 2575 880 profeta
2603 818 2742 879 mag

2159 915 2272 957 nus
2301 898 2546 957 surrexit
2572 898 2634 955 in

2158 992 2330 1051 nobis
2350 1022 2364 1036 ·
2423 1002 2482 1050 et
2509 991 2647 1069 quia
2672 990 2734 1048 ui

2156 1084 2350 1144 sitauit
2377 1085 2446 1144 ds
2473 1084 2707 1162 plebem

2156 1196 2326 1237 suam
2349 1180 2409 1238 in
2440 1179 2600 1238 bono
2623 1210 2636 1225 ·
2698 1178 2741 1211 ¹⁷
2757 1178 2836 1238 Et

2155 1273 2296 1332 exiit
2322 1272 2417 1332 hic
2449 1290 2642 1333 sermo
2670 1272 2733 1331 in

2154 1367 2491 1426 uniuersam
2523 1365 2746 1424 iudea-

2153 1468 2213 1519 et
2239 1460 2300 1517 in
2326 1476 2570 1519 ornnem
2595 1458 2754 1518 confi

2154 1572 2293 1613 nem
2326 1554 2628 1630 regionem
2657 1552 2731 1611 de

2152 1646 2252 1707 illo
2270 1678 2284 1694 ·
2306 1678 2321 1694 ·
2343 1677 2358 1694 ·
2399 1645 2444 1679 ¹⁸
2461 1646 2540 1705 Et
2567 1646 2772 1707 nuntia

2150 1750 2360 1800 uerunt
2386 1740 2627 1800 iohanni

2151 1834 2420 1911 discipuli
2453 1836 2576 1895 eius
2605 1835 2678 1895 de

2148 1930 2428 1990 omnibus
2454 1929 2544 1991 his
2568 1962 2582 1978 ·
2645 1928 2689 1963 ¹⁰
2709 1929 2789 1989 Et

2150 2023 2505 2083 conuocauit
2531 2024 2706 2083 iohan

2150 2134 2258 2175 nes
2287 2117 2437 2177 duos
2464 2119 2538 2177 de
2567 2117 2711 2176 disci

2148 2212 2302 2289 pulis
2329 2213 2450 2271 suis
2469 2242 2484 2258 ·
2543 2220 2602 2269 et
2627 2208 2783 2271 misit

2148 2305 2226 2363 ad
2253 2306 2374 2363 ihm
2404 2306 2604 2365 dicens
2625 2336 2641 2351 ·

2146 2408 2208 2457 tu
2235 2416 2300 2458 es
2327 2399 2426 2477 qui
2455 2408 2734 2459 uenturus

2147 2549 2212 2592 es
2240 2549 2315 2589 an
2345 2530 2523 2590 alium
2550 2549 2738 2608 expec

2146 2634 2336 2684 tamus
2360 2655 2375 2671 ·
2431 2623 2476 2656 ²⁰
2491 2625 2798 2685 Aduenien

2149 2727 2236 2776 tes
2259 2727 2454 2777 autem
2481 2719 2559 2777 ad
2585 2736 2723 2777 eum

2145 2811 2256 2869 uiri
2283 2811 2552 2871 dixerunt
2570 2842 2584 2859 ·
2645 2811 2716 2873 Io

2146 2904 2316 2964 hanis
2343 2906 2596 2983 baptista
2620 2907 2702 2964 mi

2149 2998 2222 3058 sit
2250 3017 2360 3060 nos
2392 2999 2469 3058 ad
2496 3009 2554 3059 te
2582 3000 2785 3060 dicens

2148 3102 2211 3151 tu
2237 3111 2301 3152 es
2329 3093 2430 3171 qui
2457 3093 2625 3153 uenis
2645 3113 2722 3152 an
2751 3092 2826 3153 ali

2145 3204 2250 3245 um
2277 3196 2684 3263 exspectamus
2705 3217 2720 3232 ·

2146 3278 2188 3312 '¹
2209 3280 2281 3338 In
2309 3281 2404 3339 illa
2433 3291 2627 3340 autem
2655 3280 2800 3340 hora

2146 3376 2388 3434 curabat
2413 3376 2628 3434 multos
2651 3406 2666 3422 ·
2730 3394 2767 3434 a

2146 3469 2518 3547 languoribus
2585 3477 2645 3528 et
2670 3469 2768 3546 pla

2148 3563 2240 3639 gis
2301 3572 2360 3622 et
2386 3563 2678 3641 spiritibus
2707 3581 2806 3623 ma

2146 3656 2219 3715 lis
2239 3687 2253 3704 ·
2296 3668 2355 3717 et
2380 3659 2569 3718 caecis
2597 3657 2794 3716 multis

2150 3752 2396 3810 donauit
2422 3752 2618 3810 uisum
2640 3782 2655 3797 ·

2147 3841 2192 3877 ²²
2207 3844 2284 3904 Et
2311 3844 2674 3923 respondens
2702 3843 2792 3904 ihs

3533 346 3616 435 83

2913 518 3158 579 audiunt
3177 551 3190 565 ·
3251 521 3464 579 mortui

2912 623 3224 690 resurgunt
3241 644 3255 659 ·
3305 632 3424 692 pau

2911 723 3084 782 peres
3113 708 3492 783 euangelizan

2911 808 3004 857 tur
3023 831 3036 846 ·
3099 797 3142 833 ⁹³
3159 810 3218 859 et
3245 803 3451 863 beatus
3479 811 3570 865 est

2908 893 3298 974 quicumquae
3325 914 3449 956 non
3475 895 3540 955 fu

2908 988 3469 1049 eritsscandalizatus

2907 1080 2969 1141 in
2997 1101 3094 1143 me
3114 1114 3128 1130 ·
3189 1080 3326 1143 24Εῑ
3353 1102 3490 1144 cum
3519 1084 3612 1145 dis

2906 1176 3217 1236 cessissent
3243 1179 3428 1237 nuntii

2905 1267 3176 1329 iohannis
3199 1302 3214 1317 ·
3274 1271 3472 1348 coepit

2904 1362 3096 1423 dicere
3125 1364 3200 1423 de
3227 1365 3483 1425 iohanne

2903 1456 2980 1515 ad
3007 1458 3204 1517 turbas
3224 1489 3238 1505 ·
3298 1459 3444 1538 quid

2904 1550 3104 1612 existis
3130 1551 3192 1609 in
3222 1553 3454 1614 deserto

2902 1643 3102 1704 uidere
3122 1675 3137 1691 ·
3197 1646 3446 1707 harundi

2900 1755 3040 1797 nem
3069 1756 3106 1797 a
3131 1750 3308 1800 uento
3337 1758 3514 1802 moue

2899 1831 2946 1889 ri
2965 1863 2979 1879 ·
3045 1830 3088 1865 ²⁶
3108 1832 3223 1892 Sed
3251 1836 3392 1913 quid
3419 1837 3546 1897 exis

2900 1925 2972 1985 tis
2999 1926 3197 1987 uidere
3225 1927 3388 1988 homi

2901 2036 3040 2077 nem
3067 2020 3342 2081 mollibus
3371 2040 3474 2083 ues

2898 2114 3155 2173 timentis
3183 2116 3450 2177 indutum
3467 2146 3484 2164 ο

2898 2205 3059 2265 Ecce
3089 2208 3188 2285 qui
3215 2210 3276 2267 in
3303 2221 3466 2271 ueste
3492 2228 3599 2288 pre

2898 2300 3048 2360 tiosa
3081 2310 3216 2361 sunt
3244 2312 3301 2361 et
3328 2303 3388 2363 in
3415 2304 3492 2363 de

2895 2395 3040 2455 liciis
3068 2398 3128 2456 in
3163 2396 3437 2457 domibus

2897 2546 3104 2606 regum
3133 2538 3268 2588 sunt
3285 2562 3300 2576 ·
3363 2528 3408 2564 ¹⁸
3427 2529 3546 2591 Sed

2898 2622 3039 2700 quid
3067 2623 3266 2682 existis
3299 2623 3436 2684 uide

2897 2735 2961 2776 re
2989 2715 3276 2794 profetam
3299 2748 3314 2764 ·
3378 2718 3464 2777 uti

2899 2827 3012 2887 que
3042 2810 3174 2870 dico
3202 2811 3374 2870 uobis
3401 2821 3460 2871 et

2897 2903 3030 2980 plus
3057 2921 3235 2982 quam
3255 2904 3481 2981 profeta
3499 2937 3515 2952 ·

2898 2996 3092 3070 ²⁷‚Hic
3109 3008 3196 3056 est
3214 2997 3288 3057 de
3306 3015 3427 3076 quo
3445 2998 3600 3076 scrip

2899 3136 2915 3163 ,
2933 3101 3056 3150 tum
3085 3103 3172 3151 est
3197 3122 3210 3138 ·
3265 3111 3404 3152 ecce
3433 3093 3539 3152 mit

2899 3231 2914 3257 ‚
2934 3195 2996 3245 to
3025 3186 3302 3262 angelum
3329 3204 3526 3246 meum

2897 3323 2914 3352 ‚
2933 3289 3068 3338 ante
3096 3279 3309 3340 faciem
3336 3290 3498 3340 tuam

2899 3417 2916 3446 ‚
2935 3373 3036 3450 qui
3063 3374 3395 3451 preparauit

2902 3512 2917 3538 ‚
2935 3467 3093 3525 uiam
3122 3477 3283 3526 tuam
3312 3477 3446 3527 ante
3474 3475 3532 3526 te

2901 3558 3112 3621 ¹²⁸Dico
3139 3561 3300 3620 enim
3327 3561 3500 3620 uobis

2901 3656 3087 3714 maior
3112 3655 3262 3714 inter
3290 3665 3464 3715 natos

2900 3749 3210 3808 mulierum
3239 3749 3467 3826 profeta

2903 3843 3162 3903 iohanne
3191 3844 3446 3921 baptista

2146 3939 2291 3999 dixit
2317 3938 2429 3998 illis
2447 3970 2462 3985 ·
2507 3939 2592 3997 Ite
2621 3947 2678 3997 et
2705 3955 2828 3996 nun
2900 3957 3077 3998 nemo
3105 3946 3193 3997 est
3211 3969 3224 3984 ·
3277 3956 3418 3997 nam
3445 3937 3548 4017 qui

2149 4035 2283 4094 tiate
2307 4033 2547 4093 iohanni
2567 4065 2581 4079 ·
2612 4051 2762 4110 quae
2789 4032 2849 4090 ui
2901 4033 3094 4092 minor
3121 4043 3209 4092 est
3236 4032 3297 4090 in
3323 4049 3430 4109 reg

2149 4129 2315 4189 distis
2344 4136 2401 4187 et
2428 4127 2713 4187 auditistis

2903 4145 2985 4187 no
3014 4128 3074 4186 di
3140 4127 3326 4186 maior
3347 4135 3436 4186 est
3463 4126 3561 4184 illo
3585 4153 3601 4174 ο

2150 4223 2311 4283 caeci
2329 4222 2554 4282 uident·
2568 4220 2736 4306 ‘clodi
2753 4237 2852 4278 arn
2902 4221 3025 4282 ”Et
3039 4223 3234 4280 omnis
3251 4221 3507 4297 populus
3527 4236 3605 4279 au

2149 4317 2355 4376 bulant
2371 4348 2385 4364 ·
2445 4315 2657 4393 leprosi

2149 4411 2505 4472 mundantur
2525 4442 2540 4458 ·
2601 4409 2760 4470 surdi

2907 4317 3073 4378 diens
3099 4325 3158 4375 et
3183 4313 3479 4392 puplicani
3506 4345 3521 4360 ·

2904 4411 3354 4472 iustificauerunt
3381 4405 3486 4466 ἀῶ

3151 4519 3198 4562 n
3243 4520 3274 4561 a

3640 536 3765 589 rol.
3787 536 3913 585 10⁴..
