4373 5048
264 606 397 656 1¹01.
424 607 515 657 88.

570 360 611 412 1-
654 360 829 427 5-34]
874 374 887 384 ·

570 596 654 657 ⁶F
655 600 739 659 uit
768 600 829 659 in
858 600 1067 663 diebus
1096 600 1241 665 hero

572 692 663 752 dis
690 695 845 771 regis
874 695 1083 757 iudeae

569 788 847 850 sacerdos
874 792 1116 868 quidam
1139 822 1155 841 ·

567 884 811 943 nomine
832 886 1129 947 zacharias
1148 917 1165 934 ·

570 975 644 1036 de
672 978 805 1038 uice
832 980 965 1040 abia
984 1012 999 1027 ·
1062 991 1123 1042 et
1146 999 1229 1043 ux

568 1088 638 1130 or
664 1070 745 1130 illi
774 1072 849 1133 de
877 1074 1107 1135 filiabus

566 1182 751 1225 aaron
806 1176 865 1227 et
891 1186 1117 1229 nomen

562 1260 691 1319 eius
718 1259 1037 1323 helisabeth
1060 1293 1076 1311 ·

565 1352 780 1414 ‘Erant
806 1366 1001 1415 autem
1030 1357 1166 1416 iusti

566 1448 743 1507 ambo
772 1459 907 1509 ante
934 1449 1035 1509 ἀῶ
1058 1482 1073 1498 ·
1124 1452 1188 1511 in

566 1541 843 1603 cedentes
872 1544 933 1602 in
962 1546 1129 1605 omni

566 1635 677 1693 bus
705 1638 999 1697 mandatis
1052 1647 1113 1699 et

565 1729 1073 1793 iustificationibus

566 1822 627 1881 di
654 1823 781 1883 sine
807 1826 1063 1901 querella
1085 1858 1101 1875 ·

564 1916 681 1975 ¹'Et
710 1936 833 1977 non
861 1930 983 1979 erat
1010 1920 1121 1983 illis
1152 1922 1235 1981 fili

562 2028 635 2071 us
703 2030 777 2071 eo
805 2013 967 2089 quod
994 2024 1151 2075 esset

564 2104 883 2166 helisabeth
912 2118 1065 2169 stere

562 2198 635 2258 lis
658 2230 673 2247 ·
734 2201 813 2260 Et
840 2204 1019 2261 ambo
1046 2221 1155 2280 pro

562 2295 716 2353 cessi
742 2306 907 2354 erant
933 2296 995 2355 in
1024 2296 1121 2357 die

562 2386 675 2446 bus
702 2386 823 2446 suis
847 2420 861 2435 ·
886 2420 901 2436 ·
944 2388 967 2422 ⁸
984 2388 1168 2449 Facti-1

562 2528 651 2578 est
678 2530 876 2580 autem
904 2539 1043 2580 cum
1071 2540 1137 2583 sa

562 2614 827 2674 cerdotio
854 2613 1099 2691 fungere

562 2716 655 2767 tur
682 2707 979 2769 zacharias
1004 2709 1069 2770 in

562 2801 770 2861 ordine
795 2802 943 2864 uicis
970 2821 1111 2863 suae

560 2905 696 2956 ante
726 2897 829 2956 dffi
849 2927 865 2944 ·
908 2897 1139 2957 ’Secun

563 2989 707 3050 dum
736 2991 1203 3052 consuetudine*
1225 3024 1242 3043 ·

564 3082 875 3144 sacerdotii
904 3103 1031 3144 sors
1059 3085 1155 3144 exi

564 3178 608 3237 it
633 3189 695 3238 ut
724 3180 1033 3240 incensum
1060 3197 1141 3256 po

563 3284 728 3332 neret
751 3304 765 3320 ·
793 3305 807 3320 ·
834 3305 849 3320 ·
901 3272 1181 3350 Ingresus

562 3367 623 3426 in
642 3368 923 3445 templum
946 3368 1047 3428 dni
1071 3399 1086 3415 ·
1136 3368 1249 3428 ¹⁰et

562 3462 759 3522 omnis
786 3462 1096 3522 multitudo

562 3566 683 3615 erat
710 3555 963 3633 populus
990 3555 1211 3617 horans

560 3648 711 3708 hora
736 3649 965 3708 incensi
988 3681 1001 3696 ·
1026 3681 1040 3697 ·

562 3741 901 3821 ¹¹Apparuit
929 3752 1123 3802 autem
1149 3742 1231 3803 illi

560 3837 809 3914 angelus
836 3837 939 3896 dni
968 3847 1131 3898 stans

562 3931 639 3992 ad
668 3931 884 3990 dextris
912 3930 1107 3991 altaris

560 4025 783 4086 incensi
808 4055 823 4072 ·
868 4024 996 4085 ¹²Et
1028 4026 1235 4088 uidens

558 4118 855 4180 zacharias
883 4120 1056 4180 turba

558 4221 653 4272 tus
680 4222 769 4273 est
788 4245 803 4260 ·
865 4223 925 4273 et
952 4213 1165 4277 cecidit

558 4305 733 4368 timor
758 4325 935 4387 super
960 4325 1100 4368 eum

1885 350 2238 416 LUCAN-

1323 589 1542 652 ”Dixit
1571 603 1769 654 autem
1798 594 1873 654 ad
1904 595 2005 655 iun

1324 687 1571 764 angelus
1594 720 1609 735 ·
1670 707 1747 748 ne
1775 690 1915 750 time

1324 799 1391 841 as
1418 782 1686 842 zacharia
1704 814 1719 830 ·
1792 790 1935 863 qt’im

1304 841 1464 936 k’ecce
1488 878 1816 938 obsecratio
1844 889 1945 938 tua

1324 970 1597 1030 exaudita
1624 982 1712 1031 est
1734 1003 1750 1019 ·
1809 972 1888 1033 Et
1914 990 1997 1033 ux

1322 1082 1391 1123 or
1416 1074 1516 1123 tua
1544 1064 1867 1126 helisabeth

1320 1158 1507 1235 pariet
1536 1160 1640 1218 tibi
1669 1160 1853 1219 filium

1318 1262 1379 1311 et
1406 1253 1647 1315 uocabis
1675 1272 1897 1315 nomen

1320 1346 1446 1405 eius
1473 1346 1791 1408 iohannem
1812 1380 1827 1395 ·

1320 1439 1362 1473 ¹⁴
1380 1450 1439 1499 et
1473 1442 1578 1500 erit
1604 1443 1887 1519 gaudium
1916 1442 1958 1501 ti

1317 1534 1379 1592 bi
1408 1545 1465 1593 et
1492 1536 1772 1595 exultatio
1794 1568 1808 1583 ·
1872 1537 1952 1598 Et

1316 1630 1483 1689 multi
1511 1631 1571 1689 in
1601 1631 1843 1691 natiuita

1315 1732 1376 1782 te
1402 1725 1525 1783 eius
1553 1726 1889 1802 gaudebunt
1907 1757 1921 1773 ·

1316 1817 1361 1852 ¹⁸
1378 1818 1504 1877 Erit
1530 1820 1691 1879 enim
1718 1838 1972 1898 magnus

1318 1931 1517 1973 coram
1542 1913 1664 1974 dfio
1686 1946 1701 1961 ·
1766 1925 1825 1975 et
1850 1917 1911 1975 ui

1316 2025 1461 2066 num
1491 2017 1551 2068 et
1578 2009 1765 2069 sicera
1790 2028 1916 2069 non

1316 2102 1477 2161 bibet
1496 2133 1513 2149 ·
1574 2112 1633 2161 et
1661 2107 1773 2179 spu
1802 2110 1906 2164 sco

1316 2195 1633 2272 replebitur
1654 2227 1671 2243 ·
1729 2196 1828 2256 Ad

1315 2288 1433 2350 huc
1459 2308 1535 2349 ex
1562 2302 1725 2351 utero
1751 2292 1951 2353 matris

1318 2400 1458 2443 suae
1482 2415 1496 2431 ·
1540 2383 1585 2417 ²⁸
1600 2395 1659 2445 et
1680 2386 1895 2447 multos
1918 2386 1995 2445 fili

1318 2533 1489 2576 orum
1518 2516 1591 2576 isi
1618 2535 1839 2578 conuer

1316 2618 1399 2669 tet
1426 2611 1502 2670 ad
1529 2611 1673 2670 dnm
1700 2612 1805 2672 dm
1831 2613 1965 2690 ipso

1317 2721 1445 2763 rum
1469 2736 1484 2752 ·
1527 2703 1573 2738 ²⁷
1588 2717 1647 2765 et
1682 2707 1808 2783 ipse
1838 2727 1943 2786 pre

1317 2799 1487 2859 cedet
1514 2810 1651 2860 ante
1678 2801 1840 2861 illum

1316 2893 1375 2952 in
1406 2898 1517 2970 spu
1544 2904 1603 2954 et
1628 2895 1835 2956 uirtute

1314 2986 1499 3048 heliae
1519 3018 1535 3035 ·
1599 3000 1875 3051 conuerte

1313 3099 1379 3140 re
1406 3083 1585 3144 corda
1612 3095 1845 3161 patrum

1314 3176 1377 3235 in
1405 3176 1555 3237 filios
1574 3209 1589 3225 ·
1652 3189 1713 3238 et
1740 3180 1901 3240 incre

1315 3270 1520 3331 dibiles
1550 3273 1625 3333 ad
1654 3274 1883 3350 pruden

1314 3365 1454 3425 tiam
1483 3367 1763 3426 iustorum
1787 3399 1802 3415 ·

1312 3477 1515 3538 parare
1544 3461 1666 3521 dno
1693 3462 1865 3540 plebe

1312 3553 1630 3630 perfectam
1653 3587 1669 3604 ·

1310 3646 1355 3682 ²⁸
1364 3648 1441 3708 Et
1451 3649 1597 3709 dixit
1610 3650 1909 3711 zacharias
1924 3651 2000 3712 ad

1311 3742 1587 3819 angelum
1614 3744 1765 3804 unde
1794 3745 1910 3806 hoc

1313 3837 1498 3896 sciam
1522 3868 1537 3884 ·
1601 3856 1716 3915 ego
1746 3839 1893 3898 eni-

1312 3949 1446 3990 sum
1473 3949 1654 3992 senex
1678 3964 1693 3980 ·
1745 3942 1804 3993 et
1829 3952 1911 3993 ux

1312 4043 1381 4085 or
1408 4043 1541 4086 mea
1568 4029 1856 4104 processit

1312 4119 1375 4178 in
1402 4119 1607 4180 diebus
1635 4123 1756 4181 suis
1773 4153 1787 4168 ·

1308 4211 1356 4248 ¹⁹
1372 4213 1451 4273 Et
1475 4215 1841 4292 respondens
1868 4235 1946 4277 an

1310 4308 1479 4388 gelus
1508 4309 1655 4370 dixit
1682 4311 1738 4370 ei
1768 4342 1780 4358 ·
1805 4343 1817 4357 ·
1846 4343 1859 4359 ·

2130 592 2268 671 Ego
2298 613 2428 655 sum
2457 597 2678 675 gabriel

3501 367 3584 435 73

2931 514 2968 574 †
2989 512 3052 565 de
3073 513 3288 565 aduento

2820 600 2854 641 *
2877 604 2922 638 ²⁴⁸
2937 606 3012 665 In
3038 624 3246 667 mense
3274 616 3474 667 autem

2128 688 2231 763 qui
2259 688 2428 750 adsto
2457 700 2590 751 ante
2619 692 2720 753 ἀῶ
2741 724 2757 741 ·
2824 696 2859 735 *
2879 710 3048 760 sexto
3076 702 3256 761 misus
3284 710 3376 762 est

2127 782 2209 841 Et
2235 783 2450 844 missus
2477 803 2609 845 sum
2638 788 2715 847 ad
2743 798 2799 849 te
2823 789 2856 827 *

2875 795 3121 871 angelus
3148 795 3374 871 gabriel

2127 876 2290 954 loqui
2351 888 2411 937 et
2436 878 2582 939 haec
2611 867 2714 940 tibi
2820 884 2854 923 *
2879 907 2915 948 a
2943 889 3021 949 do
3049 890 3112 947 in
3139 890 3373 949 ciuitate

2126 973 2530 1048 euangelizare
2548 1005 2563 1020 ·
2607 975 2752 1038 ”Et

2127 1083 2270 1125 ecce
2297 1068 2408 1126 eris
2439 1078 2638 1130 tacens
2655 1101 2670 1117 ·

2123 1159 2205 1219 Et
2231 1178 2354 1220 non
2381 1164 2599 1238 poteris
2625 1164 2788 1243 loqui
2811 1196 2826 1215 ·

2125 1272 2312 1331 usque
2342 1256 2403 1314 in
2433 1258 2590 1317 diem
2619 1276 2740 1336 quo

2124 1348 2270 1408 haec
2300 1349 2440 1409 fiant
2458 1381 2473 1398 ·
2535 1371 2645 1429 pro
2679 1354 2784 1415 h⁰c

2124 1443 2286 1518 quod
2315 1462 2437 1504 non
2465 1447 2621 1506 credi

2120 1536 2257 1595 disti
2284 1541 2478 1600 uerbis
2504 1542 2650 1603 meis
2675 1576 2688 1591 ·

2123 1629 2296 1702 Quae
2325 1633 2719 1711 implebuntur

2126 1726 2185 1784 in
2215 1738 2478 1805 tempore
2507 1748 2618 1791 suo
2639 1762 2653 1777 ·

2123 1817 2168 1853 ²¹
2188 1820 2268 1878 Et
2289 1832 2409 1881 erat
2428 1823 2596 1899 plebs
2615 1843 2802 1905 expec

2123 1926 2256 1975 tans
2285 1915 2612 1977 zachariam
2636 1949 2651 1966 ·

2122 2006 2202 2068 Et
2229 2010 2586 2070 mirabantur
2613 2012 2766 2091 quod

2121 2104 2374 2165 tardaret
2400 2105 2530 2182 ipse
2558 2106 2620 2165 in

2122 2197 2344 2274 templo
2368 2229 2384 2245 ·
2408 2229 2423 2246 ·
2467 2200 2513 2234 ²²
2527 2200 2717 2277 Egres

2122 2308 2222 2351 sus
2241 2301 2445 2353 autem
2473 2310 2594 2354 non
2620 2312 2702 2371 po

2121 2394 2269 2445 terat
2293 2386 2457 2464 loqui
2484 2388 2560 2447 ad
2589 2388 2718 2449 illos
2741 2419 2756 2437 ·

2118 2516 2198 2578 Et
2226 2530 2636 2595 cognouerunt

2118 2614 2281 2688 quod
2309 2613 2600 2674 uisionem
2624 2615 2687 2675 ui

2121 2705 2208 2765 dit
2233 2707 2296 2764 in
2324 2708 2546 2785 templo
2569 2739 2584 2756 ο
2645 2719 2703 2769 et

2122 2801 2250 2877 ipse
2277 2810 2398 2859 erat
2425 2820 2696 2862 annuens

2120 2894 2233 2953 illis
2261 2905 2320 2954 et
2346 2897 2670 2972 permansit

2120 2997 2318 3048 mutus
2342 3019 2357 3035 ·
2399 2989 2536 3049 ”Et
2566 2990 2722 3052 sactu

2118 3093 2211 3142 est
2237 3093 2300 3140 ut
2329 3082 2550 3160 impleti
2579 3094 2716 3145 sunt

2118 3177 2246 3236 dies
2272 3178 2450 3237 officii
2477 3179 2602 3238 eius
2626 3209 2641 3225 ·
2657 3209 2742 3222 —

2120 3272 2262 3330 abiit
2280 3268 2334 3314 5¹¹
2355 3272 2598 3332 domum
2629 3283 2783 3332 sua-
2805 3303 2820 3320 ·

2118 3365 2165 3399 ²⁴
2173 3365 2317 3425 Post
2332 3363 2436 3426 hos
2453 3376 2646 3426 autem
2666 3368 2792 3429 dies
2804 3399 2818 3416 ·

2119 3461 2390 3537 concepit
2417 3461 2740 3521 helisabeth

2117 3572 2268 3614 uxor
2294 3555 2420 3616 eius
2443 3586 2458 3602 ·
2522 3565 2581 3616 et
2608 3556 2782 3618 occul

2119 3650 2280 3709 tabat
2309 3667 2372 3710 se
2399 3651 2701 3711 mensibus

2118 3744 2380 3821 quinque
2449 3744 2653 3805 dicens
2672 3776 2687 3793 ·

2115 3833 2162 3871 ²⁶
2179 3838 2320 3916 quid
2348 3838 2492 3897 mihi
2520 3840 2602 3899 sic
2631 3840 2770 3899 fecit

2116 3932 2230 3992 dns
2259 3935 2321 3992 in
2349 3934 2555 3993 diebus
2574 3964 2589 3980 ·
2648 3935 2752 4014 qui

2116 4028 2229 4088 bus
2257 4029 2511 4105 respexit
2538 4046 2615 4089 au

2115 4122 2263 4182 serre
2319 4123 2506 4200 obpro

2115 4217 2309 4276 brium
2337 4235 2537 4276 meum
2565 4217 2625 4277 in

2117 4321 2206 4373 ter
2233 4311 2506 4372 homines
2537 4345 2548 4359 ·
2577 4345 2588 4359 ·
2617 4343 2632 4360 ·
2657 4336 2738 4367 m

2879 982 3125 1059 galileae
3194 985 3290 1043 cui
3319 1001 3401 1043 no

2879 1094 3019 1135 men
3047 1087 3284 1137 nazaret
3343 1074 3388 1111 ⁸⁷
3406 1076 3486 1139 ad

2876 1171 3168 1249 uirginem
3195 1172 3402 1249 disp⁰n

2877 1276 3064 1324 satam
3092 1267 3218 1327 uiro
3246 1268 3342 1327 cui

2875 1378 3096 1419 nomen
3124 1361 3331 1439 ioseph
3351 1392 3366 1409 ·

2875 1452 2950 1513 de
2977 1453 3159 1514 domo
3187 1454 3364 1515 dauid
3380 1486 3396 1503 ·

2873 1556 2933 1607 et
2958 1565 3176 1607 nomen
3201 1548 3445 1625 uirginis

2877 1629 3059 1688 maria
3082 1660 3097 1676 ·
3141 1627 3184 1661 ’Β
3201 1630 3278 1689 Et
3307 1632 3498 1708 ingffs

2877 1740 2978 1782 sus
3006 1722 3083 1782 ad
3112 1742 3244 1795 eam
3271 1726 3502 1802 angelus

2878 1816 3060 1877 dixit·
3123 1818 3274 1879 habe
3301 1838 3407 1897 gra

2875 1913 3091 1972 tificata
3119 1913 3230 1973 dfis
3258 1923 3456 1974 tem-

2877 2005 3199 2066 Benedicta
3226 2016 3290 2066 tu
3317 2009 3466 2069 inter

2875 2101 3146 2160 mulieres
3169 2133 3184 2148 ·
3244 2100 3434 2179 ²⁹ipsa

2873 2207 3072 2255 autem
3098 2206 3162 2255 ut
3187 2197 3336 2257 uidit

2874 2299 3038 2349 mota
3065 2301 3154 2350 est
3181 2292 3242 2350 in
3269 2292 3422 2355 intro

2875 2384 2961 2443 itu
2995 2385 3120 2445 eius
3138 2418 3152 2433 ·
3212 2385 3292 2446 Et
3318 2398 3440 2447 erat

2877 2516 3146 2594 cogitans
3175 2518 3336 2595 quod
3367 2518 3451 2580 sic

2876 2610 3268 2672 benedixisset
3295 2633 3429 2674 eam
3451 2646 3468 2662 ·

2874 2703 2921 2737 ⁸⁰
2938 2704 3014 2764 Et
3043 2705 3188 2765 dixit
3215 2707 3268 2767 ei
3297 2710 3541 2786 angelus

2875 2816 2952 2858 ne
2979 2799 3186 2860 timeas
3213 2804 3396 2864 maria

2789 2917 2796 2922 ·
2875 2893 3150 2970 inuenisti
3179 2898 3416 2972 gratia-

2873 2987 3032 3064 apud
3060 2988 3163 3046 ἀῶ
3185 3020 3200 3035 -
3241 2989 3286 3023 ⁸¹
3302 2991 3381 3051 Et
3408 3009 3550 3054 ecce

2873 3082 3174 3158 concipies
3203 3083 3262 3141 in
3290 3096 3458 3146 utero

2871 3186 2931 3235 et
2957 3177 3146 3252 paries
3173 3179 3358 3238 filium
3380 3211 3397 3227 ·

2872 3277 2932 3328 et
2956 3272 3203 3332 uocabis
3230 3292 3451 3336 nomen
3505 3335 3517 3353 ,

2870 3364 2995 3423 eius
3023 3365 3145 3425 ihm
3164 3398 3179 3413 ·
3241 3367 3415 3430 ”Hic
3443 3371 3552 3434 erit

2870 3475 3124 3534 magnus
3145 3471 3203 3520 et
3233 3463 3384 3524 filius

2868 3551 3132 3612 altissimi
3159 3557 3372 3617 uocabi

2869 3654 2962 3705 tur
2985 3677 3000 3694 ·
3058 3657 3116 3707 et
3144 3651 3304 3710 dabit
3329 3651 3411 3712 illi

2871 3739 2984 3800 diis
3012 3742 3081 3801 ds
3111 3743 3374 3804 thronu-

2871 3834 3050 3893 dauid
3077 3838 3257 3912 patris
3285 3840 3409 3900 eius
3429 3871 3445 3889 ·

2869 3926 2916 3961 ⁸⁸
2931 3938 2990 3987 et
3016 3932 3280 4006 regnabit
3306 3933 3368 3992 in
3397 3935 3477 3995 do

2870 4040 3036 4081 mum
3064 4024 3237 4084 iacob
3263 4028 3324 4086 in
3351 4039 3510 4090 aeter

2869 4135 3016 4176 num
3034 4149 3049 4164 ·
3111 4130 3169 4179 et
3197 4123 3364 4198 regni
3393 4125 3520 4185 eius

2868 4229 2992 4271 non
3021 4213 3127 4272 erit
3155 4213 3287 4274 finis
3308 4246 3323 4263 ·

2869 4305 2914 4340 ⁸⁴
2931 4304 3097 4369 Dixit
3124 4320 3320 4369 autem
3352 4311 3539 4372 maria

3211 4431 3250 4474 1.

3642 618 3769 669 ποι.
3790 618 3884 667 84.
