4373 5048
413 434 536 484 rol.
553 435 677 485 203.

722 282 809 339 42

725 432 749 469 ¹
765 432 885 492 Hic
912 433 1075 492 uenit
1102 432 1163 491 in
1189 432 1323 491 testi

724 526 991 588 monium
1016 524 1077 584 ut
1102 526 1233 585 testi

722 621 990 680 monium
1017 614 1249 696 perhibe

723 725 813 774 ret
840 714 914 773 de
940 713 1157 773 lumine
1182 739 1195 753 ·

724 819 788 867 ut
814 825 1021 871 omnes
1050 806 1222 866 crede

723 911 853 961 rent
879 920 983 978 per
1010 900 1173 958 illum
1196 929 1211 945 ·

722 994 745 1027 ⁸
764 992 905 1053 Non
934 1005 1053 1053 erat
1074 993 1168 1053 ille
1195 992 1387 1053 lum0n
1406 1027 1419 1041 ·

720 1086 827 1147 sed
855 1096 918 1146 ut
944 1086 1240 1148 testimoni

719 1198 822 1237 um
850 1180 1069 1239 diceret
1096 1179 1170 1240 de
1198 1180 1259 1239 lu

719 1274 879 1331 mine
898 1304 913 1320 ·
977 1274 1000 1308 ⁹
1018 1272 1164 1333 Erat
1192 1274 1251 1333 lu

719 1385 860 1426 men
887 1385 1087 1427 uemm

719 1460 884 1536 quod
913 1460 1218 1520 inluminat

720 1572 961 1614 omnem
990 1554 1281 1615 homine-

717 1649 1051 1707 uenientem
1078 1650 1139 1707 in
1166 1648 1318 1707 huno

718 1741 1005 1799 mundum
1026 1772 1041 1788 ·
1104 1740 1150 1775 ¹⁰
1169 1742 1241 1800 In
1270 1743 1373 1802 hoc

720 1834 944 1892 mundo
972 1843 1095 1893 erat
1177 1846 1235 1893 et

719 1927 974 1986 mundus
1000 1944 1105 2004 per
1131 1946 1267 1986 eum

718 2019 904 2079 sactus
929 2029 1020 2079 est
1041 2047 1054 2061 ·
1120 2033 1177 2080 et
1203 2040 1345 2081 mun

719 2112 829 2172 dus
858 2130 993 2171 eum
1019 2132 1143 2173 non
1172 2133 1291 2191 cog

716 2206 883 2267 nouit
904 2237 919 2253 ·
982 2204 1025 2239 ¹¹
1044 2208 1117 2267 In
1144 2226 1249 2269 sua
1276 2228 1351 2269 ue

716 2438 806 2496 nit
878 2447 935 2497 et
963 2440 1051 2498 sui
1077 2458 1211 2499 eum

716 2549 840 2590 non
868 2533 1197 2611 reciperunt
1220 2561 1232 2574 ·

715 2621 760 2658 ²²
777 2624 895 2697 Qui
924 2637 1120 2686 autem
1147 2629 1345 2706 recipe

712 2729 850 2778 runt
875 2737 1011 2779 eum
1075 2721 1234 2780 dedit

714 2811 824 2871 illis
851 2823 1201 2889 potestatem

714 2905 864 2964 filios
892 2906 950 2965 di
980 2907 1099 2966 fieri
1123 2939 1138 2954 ·

712 2995 829 3058 His
856 3002 957 3077 qui
983 3002 1225 3061 credunt

714 3092 775 3149 in
804 3094 1042 3153 nomine
1068 3095 1191 3152 eius
1216 3126 1229 3140 ·

712 3183 755 3218 ¹³
774 3184 895 3258 Qui
924 3205 1047 3246 non
1076 3205 1149 3246 ex
1179 3189 1385 3264 sangui

713 3297 791 3338 ne
811 3311 826 3326 ·
890 3299 1079 3357 neque
1107 3299 1181 3340 ex
1208 3298 1288 3340 uo

708 3371 925 3432 luntate
955 3375 1145 3434 carnis
1169 3406 1183 3420 ·

709 3484 900 3544 neque
930 3485 1002 3526 ex
1030 3467 1272 3526 uolunta

709 3568 767 3618 te
795 3561 904 3618 uiri
928 3591 943 3607 ·
987 3561 1093 3620 sed
1118 3581 1193 3620 ex
1221 3559 1301 3619 df>

709 3653 833 3712 nati
862 3664 996 3713 sunt
1014 3685 1028 3699 ·
1092 3652 1135 3686 ¹¹
1153 3664 1211 3713 et
1236 3672 1341 3715 uer

707 3747 851 3804 bum
879 3764 1018 3806 caro
1044 3745 1250 3806 factu·-

706 3850 798 3899 est
825 3850 883 3898 et
909 3839 1190 3898 habitabit

708 3933 771 3992 in
798 3933 971 3992 nobis
1041 3943 1099 3992 et
1126 3932 1248 3991 uidi

709 4044 843 4086 mus
870 4026 1113 4101 gloriam
1141 4028 1265 4086 eius
1288 4061 1301 4074 ·

708 4121 974 4181 Gloriam
1001 4131 1302 4197 tamquam

705 4215 867 4275 unici
893 4233 929 4274 a
954 4225 1119 4294 patre

2087 259 2328 324 SECD
2353 292 2367 307 ·

1472 430 1715 509 plenum
1741 432 1962 508 gratiae

1476 526 1799 585 etueritatis
1818 556 1832 573 ·
1863 523 2151 589 ·l·¹⁶i0han

1476 636 1583 677 nes
1618 620 2011 678 testimonium

1474 711 1616 770 dicit
1644 711 1716 771 de
1746 712 1847 772 illo
1917 720 1976 770 et
2005 709 2099 773 cla

1476 814 1596 864 mat
1623 806 1825 865 dicens
1848 836 1863 851 ·
1919 804 2015 865 hic

1474 910 1563 958 est
1590 917 1766 976 quem
1795 899 1915 957 dixi
1937 930 1952 945 ·
2013 900 2113 975 qui

1473 1003 1611 1072 post
1638 1011 1733 1051 me
1759 994 1922 1052 uenit
1948 1011 2025 1052 an

1473 1098 1532 1146 te
1558 1104 1656 1146 me
1684 1086 1869 1147 factus
1896 1097 1984 1146 est
2006 1118 2021 1134 ·

1473 1180 1628 1254 Quia
1656 1182 1811 1259 prior
1839 1200 1936 1240 me
1962 1181 2068 1240 fuit
2087 1207 2100 1222 ·

1470 1274 1515 1308 ¹⁸
1530 1282 1675 1353 qiim
1701 1276 1775 1335 de
1804 1276 2085 1352 plenitudi

1470 1387 1547 1428 ne
1574 1370 1698 1429 eius
1728 1388 1835 1429 nos
1861 1387 2071 1430 omnes

1470 1464 1805 1540 accepimus
1876 1472 1935 1523 et
1961 1482 2068 1540 gra

1468 1558 1610 1616 tiam
1640 1576 1749 1634 pro
1774 1558 1962 1633 gratia
1981 1590 1995 1603 ·

1470 1648 1513 1684 ¹⁷
1523 1655 1668 1726 qiim
1684 1649 1779 1709 lex
1788 1668 1892 1727 per
1908 1668 2156 1727 moysen

1469 1742 1605 1801 data
1630 1753 1719 1803 est
1742 1773 1755 1790 ·
1821 1743 2027 1803 Gratia

1468 1848 1661 1895 autem
1691 1845 1747 1895 et
1773 1838 1987 1898 ueritas

1466 1948 1573 2008 per
1588 1930 1710 1988 ihm
1726 1935 1869 2006 xpm
1889 1928 2008 1989 fata
2025 1941 2161 1992 est·-

1468 2024 1511 2059 ²⁸
1529 2022 1648 2081 Dffi
1676 2040 1853 2082 nemo
1879 2024 2023 2083 uidit
2042 2042 2143 2083 um

1469 2135 1647 2195 quam
1666 2146 1681 2163 ·
1743 2118 2075 2193 unigenitus

1468 2211 1618 2270 filius
1646 2211 1707 2271 di
1734 2211 1833 2288 qui
1860 2222 1948 2271 est

1469 2442 1529 2501 in
1558 2442 1690 2501 sinu
1716 2442 1898 2518 patris
1927 2442 2053 2520 ipse

1466 2537 1755 2596 enarrauit
1772 2567 1786 2582 ·
1851 2536 1896 2571 ι’
1906 2547 1963 2596 et
1990 2536 2107 2597 hoc

1465 2640 1555 2688 est
1579 2631 1977 2689 testimonium

1466 2722 1735 2782 iohannis
1760 2753 1773 2768 ·
1830 2721 1984 2782 Cum

1464 2816 1761 2875 misissent
1789 2814 1943 2874 iudei

1464 2927 1539 2967 ex
1566 2907 1910 2968 hierusalem
1940 2927 2006 2968 sa

1466 3001 1731 3061 cerdotes
1759 3011 1817 3060 et
1844 3001 1958 3060 leui

1463 3105 1551 3153 tas
1580 3094 1656 3154 ad
1682 3113 1818 3154 eum
1885 3105 1947 3153 ut
1976 3095 2036 3151 in

1463 3197 1821 3264 terrogarent
1849 3197 1975 3246 eu-

1463 3290 1523 3340 tu
1550 3282 1679 3356 quis
1708 3299 1773 3340 es
1797 3311 1812 3327 ·
1855 3278 1993 3338 ”Et
2020 3297 2135 3340 con

1460 3373 1645 3432 fessus
1675 3384 1764 3433 est
1789 3385 1847 3432 et
1874 3391 1998 3432 non

1462 3467 1698 3544 negauit
1719 3499 1734 3514 ·
1799 3467 1876 3526 Et
1904 3485 2020 3527 con

1458 3559 1645 3620 sessus
1673 3571 1762 3620 est
1779 3553 2057 3638 'quonia-

1460 3671 1576 3729 ego
1604 3672 1727 3712 non
1755 3671 1885 3714 sum
1912 3659 2024 3729 xps
2043 3685 2058 3700 ·

1457 3745 1499 3778 ⁸¹
1517 3746 1594 3805 Et
1624 3747 2119 3823 interrogauerunt

1458 3857 1593 3899 eum
1676 3838 1814 3917 quid
1841 3857 1985 3914 ergo
2006 3870 2020 3885 ·

1456 3933 1611 3992 helia
1637 3951 1701 3992 es
1730 3945 1792 3993 tu
1874 3941 1931 3990 et
1960 3933 2103 3991 dixit

1457 4045 1583 4087 non
1610 4043 1741 4086 sum
1764 4057 1777 4072 ·
1841 4026 2008 4102 prose

1460 4129 1519 4178 ta
1547 4137 1611 4177 es
1639 4128 1700 4177 tu
1782 4128 1840 4177 et
1866 4136 2085 4195 respon

1462 4213 1546 4272 dit
1572 4230 1696 4272 non
1714 4243 1729 4259 ·
1787 4209 1831 4244 ¹³
1848 4211 2116 4272 dixerunt

3479 269 3545 334 [1.
3573 270 3732 336 7-36.

3028 430 3107 491 ad
3135 448 3198 491 se
3228 440 3286 490 et
3314 430 3506 491 dixit·

3027 522 3188 583 Ecce
3209 542 3396 601 agnus
3415 524 3478 583 di
3499 524 3600 601 qui
3620 523 3703 585 tol

3027 618 3092 677 lit
3118 628 3389 695 pecctum
3415 619 3628 678 mundi
3646 650 3661 665 ·

3029 712 3076 745 ⁸⁰
3092 711 3212 771 Hic
3241 722 3328 771 est
3357 712 3430 771 de
3458 730 3578 788 quo
3608 712 3728 773 dixi

3030 814 3167 883 post
3191 823 3288 864 me
3315 807 3478 865 uenit
3505 807 3594 865 uir

3029 899 3130 975 qui
3157 907 3292 958 ante
3313 916 3408 958 me
3436 898 3622 958 saenis

3029 1002 3119 1050 est
3199 994 3338 1070 quia
3364 993 3523 1068 prior
3548 1011 3647 1052 me

2279 450 2422 509 ergo
2452 431 2507 493 ei
2590 432 2715 509 qui·
2739 450 2804 492 es
2824 456 2837 470 ·

2277 535 2342 584 ut
2368 543 2718 603 responsum

2281 620 2488 680 demus
2515 619 2606 677 his
2634 618 2734 696 qui

2280 732 2392 772 nos
2421 713 2704 772 miserunt
2721 744 2736 759 ·

2279 806 2422 885 quid
2449 805 2594 865 dicis
2622 804 2697 864 de
2721 815 2781 865 te

2280 901 2411 977 ipso
2436 926 2448 941 ·
2508 897 2553 932 ¹⁸
2569 900 2650 958 ait
2675 916 2790 974 ego

2277 1012 2398 1053 uox
2427 992 2734 1053 clamantis

2278 1088 2339 1146 in
2368 1088 2598 1147 deserto
2683 1103 2827 1163 para

2277 1191 2335 1241 te
2361 1182 2519 1239 uiam
2547 1178 2649 1239 dni
2673 1210 2687 1225 ·
2749 1178 2800 1237 si

2277 1284 2372 1333 cut
2400 1274 2545 1333 dixit
2572 1272 2760 1332 esaias

2275 1367 2501 1446 profeta
2522 1398 2537 1413 ·
2599 1364 2643 1399 ’⁴
2659 1366 2736 1425 Et
2763 1364 2866 1444 qui

2275 1462 2437 1521 missi
2465 1470 2631 1520 erant
2655 1478 2730 1520 ex

2275 1555 2557 1632 phariseis
2577 1584 2592 1600 ·
2665 1551 2712 1587 ²⁵
2730 1554 2803 1612 In

3027 1178 3200 1237 ebam
3227 1178 3390 1237 illum
3408 1210 3423 1226 ·
3489 1179 3606 1240 Sed

3025 1282 3088 1331 ut
3113 1272 3573 1332 manifestaretur

3025 1366 3088 1423 in
3117 1365 3188 1425 isi
3209 1396 3224 1412 ·
3286 1366 3432 1425 Ideo
3459 1368 3595 1426 ueni

3025 1477 3141 1536 ego
3170 1459 3231 1517 in
3259 1478 3410 1537 aqua
3437 1461 3627 1520 batiza

3024 1570 3085 1611 re
3105 1584 3119 1599 ·
3179 1549 3226 1585 θ’
3242 1584 3257 1599 ·
3276 1552 3353 1611 Et
3382 1563 3622 1613 testatus

2276 1656 2716 1725 terrogauerunt
2741 1698 2754 1711 .
3025 1656 3113 1706 est
3141 1646 3425 1705 iohannes
3453 1646 3657 1708 dicens
3678 1679 3697 1695 ·

2277 1760 2413 1801 eum
2441 1742 2702 1801 dicentes
2719 1772 2734 1787 ·
3026 1746 3170 1817 qum
3195 1740 3314 1799 uidi
3344 1745 3476 1817 spm
3511 1741 3616 1800 des

2278 1836 2438 1909 Quid
2466 1854 2606 1911 ergo
2633 1845 2697 1894 tu
2722 1837 2839 1913 bap
3027 1832 3377 1891 cendentem
3404 1834 3570 1911 quasi
3597 1853 3671 1896 co

3027 1925 3286 1985 lumbam
3313 1926 3387 1985 de
3415 1928 3544 1987 celo
3562 1958 3577 1974 ·

3026 2030 3084 2078 et
3111 2028 3446 2078 manentem
3475 2038 3650 2099 supra

3025 2113 3219 2188 ipsum
3241 2144 3256 2159 ·
3297 2112 3343 2146 ⁸³
3358 2123 3417 2172 et
3445 2132 3559 2189 ego
3587 2114 3728 2190 igno

3022 2218 3262 2268 lectiones
3281 2232 3376 2282 que
3397 2218 3609 2267 debeant
3631 2218 3731 2282 legi

3025 2298 3114 2347 per
3145 2284 3215 2332 vii
3247 2284 3542 2333 domenecas
3575 2283 3728 2334 lectio

3023 2349 3186 2413 prima
3209 2348 3478 2399 domeneea

2270 2440 2314 2477 '⁸
2333 2440 2662 2520 Respondit
2690 2440 2801 2499 illis
3022 2441 3224 2499 rabam
3251 2440 3413 2499 illum
3435 2472 3450 2487 ·
3530 2440 3646 2502 Sed

2271 2534 2558 2597 iohannes
2585 2535 2790 2595 dicens
2812 2565 2827 2582 ·
3021 2533 3111 2593 his
3139 2535 3238 2610 qui
3265 2553 3362 2594 me
3387 2537 3546 2594 misit

2268 2630 2402 2707 Ego
2430 2628 2669 2707 quidem
2694 2629 2928 2706 baptizo
3018 2629 3315 2704 baptizare
3343 2631 3406 2688 in
3435 2647 3590 2706 aqua

2268 2741 2378 2784 uos
2405 2724 2468 2780 in
2495 2740 2649 2800 aqua
2675 2723 2736 2780 in
2765 2722 2903 2799 peni
3019 2721 3112 2781 ille
3141 2722 3283 2780 mihi
3317 2721 3460 2781 dixit
3478 2754 3493 2769 ·
3557 2722 3639 2783 Su

2269 2818 2450 2877 tentia
2473 2847 2486 2862 ·
2547 2817 2610 2875 in
2637 2815 2833 2875 medio
3021 2833 3126 2892 per
3154 2833 3330 2892 quem
3358 2815 3574 2876 uideris

2267 2922 2464 2970 autem
2491 2921 2747 2969 uestrum
3019 2913 3151 2983 spm
3181 2908 3627 2969 descendente*

2269 3013 2381 3063 stat
2449 3021 2626 3080 quem
2653 3019 2764 3062 uos
3019 3011 3076 3059 et
3103 3013 3440 3061 manentem
3469 3003 3531 3060 in
3563 3014 3687 3062 eu-

2269 3097 2501 3156 nescitis
2521 3127 2536 3142 ·
2594 3093 2637 3128 ⁸⁷
2656 3095 2792 3172 Ipse
2820 3105 2907 3154 est
3017 3094 3143 3170 ipse
3172 3105 3261 3154 est
3288 3096 3387 3172 qui
3414 3097 3576 3172 bapti

2267 3191 2366 3267 qui
2394 3200 2529 3266 post
2555 3207 2651 3247 me
2678 3189 2836 3248 uenit
2855 3219 2870 3234 ·
3018 3198 3110 3246 zat
3138 3189 3197 3247 in
3225 3195 3337 3265 spu
3364 3196 3468 3248 seo
3487 3221 3502 3236 ·
3565 3189 3612 3224 ⁸⁴
3627 3190 3705 3248 Et

2267 3283 2366 3359 qui
2395 3293 2527 3342 ante
2555 3300 2650 3342 me
2679 3279 2864 3340 factus
3016 3299 3132 3358 ego
3157 3283 3280 3340 uidi
3305 3292 3364 3341 et
3390 3283 3521 3342 testi

2265 3386 2352 3434 est
2371 3406 2386 3421 ·
2445 3372 2626 3434 Cuius
2654 3392 2778 3433 non
2807 3380 2875 3432 sii
3016 3376 3282 3434 monium
3308 3377 3575 3453 perhibui

2264 3469 2474 3545 dignus
2505 3467 2728 3528 soluere
3013 3473 3158 3543 qiim
3189 3469 3281 3527 hic
3311 3479 3400 3528 est
3427 3469 3554 3546 ipse

2263 3561 2511 3638 corrigia
2539 3561 2860 3622 calciamen
3013 3559 3164 3620 filius
3195 3560 3254 3619 di
3277 3592 3292 3607 ·
3318 3587 3401 3615 ω

2261 3666 2454 3715 torum
2479 3655 2605 3715 eius
2623 3686 2638 3700 ·
2663 3687 2676 3702 ·
2697 3687 2780 3699 —
2987 3653 3063 3686 *θ’
3081 3653 3320 3714 Postera
3346 3664 3540 3715 autem
3570 3656 3664 3716 die

2259 3747 2473 3809 ¹‘'Haec
2491 3749 2551 3808 in
2569 3749 2846 3809 bethania
2867 3748 2958 3809 fac
2985 3745 3221 3806 *iterum
3251 3749 3439 3808 stabat

2261 3853 2320 3902 ta
2349 3853 2481 3902 sunt
2508 3853 2664 3902 trans
2694 3843 2782 3902 ior
2982 3837 3300 3900 *iohannes
3321 3874 3336 3888 ·
3397 3851 3456 3900 et
3482 3861 3557 3901 ex

2261 3936 2454 3995 danen
2521 3937 2623 3994 ubi
2649 3947 2771 3995 erat
2983 3932 3313 4012 *discipulis
3340 3937 3462 3996 eius
3489 3934 3610 3996 duo

2260 4028 2541 4089 iohannes
2567 4029 2872 4105 baptizans
3009 4027 3055 4061 ⁸⁸
3071 4038 3128 4086 et
3155 4029 3386 4088 intuens
3413 4029 3536 4088 ihm

2277 1932 2419 1991 tizas
2500 1930 2550 1989 si
2576 1940 2640 1989 tu
2666 1946 2790 1989 non

2275 2042 2342 2084 es
2368 2028 2481 2100 xps
2499 2054 2514 2069 ·
2558 2040 2783 2099 nequae

2267 2117 2451 2177 helias
2467 2148 2482 2162 ·
2546 2133 2772 2193 nequae

2271 2210 2494 2288 profeta
2516 2240 2529 2255 ·

2257 4119 2302 4154 '⁹
2318 4121 2559 4182 Postera
2587 4133 2780 4182 autem
2809 4123 2905 4182 die
3010 4122 3405 4181 ambulantem
3430 4153 3443 4169 ·
3505 4123 3653 4184 dixit

2255 4215 2402 4276 uidit
2427 4213 2550 4274 ihm
2577 4215 2910 4277 ueniente-·
3009 4221 3158 4276 ecce
3177 4235 3364 4294 agnus
3391 4216 3451 4276 di

3779 430 3912 480 1²01.
3927 430 4088 479 204.

3027 1083 3134 1143 fuit
3155 1116 3170 1131 ·
3235 1085 3277 1119 ⁸¹
3293 1096 3352 1147 et
3379 1104 3492 1163 ego
3519 1088 3682 1147 nesci
3737 1168 3752 1187 ⁸
