4373 5048
775 352 898 415 106

451 534 577 586 ποι.
599 534 724 589 140.
766 530 1018 591 uideritis
1047 531 1265 591 circum

741 626 893 705 ,dari
921 625 996 683 ab
1025 625 1284 683 exercitu

764 719 1109 779 hierusalem
1130 750 1144 765 ·
1203 730 1344 778 tunc

767 814 971 873 scitote
1041 814 1178 889 quia
1205 814 1280 873 ad

764 908 1056 985 propiauit
1083 907 1282 967 desola

763 1000 847 1060 tio
876 1001 1000 1060 eius
1057 998 1098 1033 ¹¹
1117 1012 1256 1060 tunc

762 1096 863 1172 qui
891 1096 952 1154 in
980 1096 1186 1155 iudaea
1213 1106 1349 1155 sunt

762 1188 984 1265 fugiant
1012 1190 1070 1247 in
1101 1200 1334 1249 montes

760 1282 838 1342 Et
866 1283 964 1360 qui
992 1283 1051 1340 in
1081 1284 1274 1342 medio
1301 1284 1424 1344 eius

759 1376 1062 1436 discedant
1129 1386 1186 1436 et
1212 1379 1312 1454 qui

761 1468 822 1528 in
849 1471 1184 1546 regionibus
1213 1488 1338 1530 non

735 1565 970 1624 intrent
996 1565 1058 1621 in
1083 1582 1216 1625 eam

756 1654 802 1690 ¹²
817 1659 952 1736 quia
975 1658 1098 1719 dies
1125 1659 1357 1718 ultionis

757 1752 816 1811 hi
846 1762 978 1811 sunt
1003 1784 1015 1799 ·
1081 1762 1145 1811 ut
1171 1753 1348 1829 imple

757 1857 888 1906 atur
915 1846 1116 1905 omnia
1142 1864 1294 1923 quae

755 1942 968 2016 scripta
997 1948 1130 1999 sunt

756 2032 799 2067 ²³
817 2032 946 2093 Uae
969 2032 1076 2091 illis
1098 2034 1196 2109 qui
1217 2034 1276 2092 in
1292 2042 1456 2095 utero

752 2128 974 2187 habent
1032 2136 1089 2185 et
1117 2128 1214 2203 qui
1243 2130 1358 2187 ube

752 2239 818 2279 ra
847 2222 988 2281 dant
1014 2220 1073 2277 in
1101 2220 1206 2280 illis
1235 2222 1325 2282 die

753 2316 863 2375 bus
885 2346 900 2361 ·
960 2316 1066 2374 erit
1095 2316 1253 2375 enim

753 2428 1023 2488 pressura
1047 2429 1265 2488 magna

752 2561 928 2620 super
953 2552 1164 2604 terram
1189 2575 1202 2590 ·

750 2647 806 2696 et
834 2637 916 2696 ira
943 2640 1166 2715 populo
1195 2637 1326 2698 huic

749 2729 794 2764 ’⁴
809 2742 867 2791 et
895 2733 1103 2792 cadent
1124 2733 1185 2790 in
1214 2750 1314 2792 ore
1331 2733 1429 2809 gla

748 2825 861 2884 dii·
921 2836 977 2885 et
1007 2827 1218 2904 captiui
1248 2827 1327 2885 du

749 2931 953 2980 centur
985 2921 1044 2979 in
1073 2921 1344 2980 omnibus

748 3014 1016 3090 gentibus
1035 3045 1048 3060 ·
1114 3023 1172 3073 et
1201 3015 1294 3074 hie

747 3107 996 3166 rusalem
1027 3106 1248 3166 calcabi

746 3211 836 3260 tur
864 3217 900 3258 a
929 3201 1260 3260 nationibus
1285 3232 1297 3245 ·

742 3292 955 3353 Donec
977 3294 1281 3370 impleatur
1307 3298 1364 3351 te

742 3405 888 3465 pora
905 3387 1164 3464 gentium
1185 3417 1198 3432 ·

741 3479 863 3539 ”Et
879 3489 1046 3540 erunt
1062 3481 1228 3556 signa
1246 3481 1304 3538 in
1325 3479 1446 3539 sole

740 3585 800 3635 et
826 3575 965 3633 luna
993 3584 1051 3633 et
1079 3574 1256 3632 stellis
1276 3605 1289 3619 ·

739 3677 798 3729 et
825 3668 886 3726 in
916 3668 1075 3727 terris
1103 3685 1274 3743 praes

739 3780 872 3822 sura
891 3763 1153 3839 gentium
1178 3792 1193 3807 ·
1376 3747 1384 3754 ’

736 3875 877 3934 prae
906 3855 1251 3916 confusione
1281 3871 1349 3912 so

737 3950 890 4009 nitus
919 3949 1094 4007 maris
1121 3956 1180 4006 et
1209 3947 1320 4006 fluc

734 4055 900 4104 tuum
928 4075 942 4089 ·
986 4039 1030 4074 ²⁰
1052 4051 1109 4101 et
1142 4059 1382 4100 arescen

733 4139 888 4198 tibus
915 4135 1252 4194 hominibus

731 4251 834 4310 pre
864 4232 1068 4290 timore
1088 4261 1103 4276 ·
1165 4236 1222 4288 et
1251 4246 1326 4287 ex

731 4325 1092 4402 spectatione
1119 4340 1271 4399 quae

732 4419 1097 4496 superueniet
1125 4417 1402 4476 uniuerso

1230 4511 1356 4570 orbi
1381 4543 1393 4557 ·
1420 4543 1432 4556 ·

2096 350 2336 416 SECD
2357 384 2371 399 ·

1523 530 1678 589 Nam
1707 532 1944 590 uirtutes
1974 549 2080 593 cae

1519 625 1710 686 lorum
1732 626 2033 685 mouebun

1517 729 1608 778 tur
1632 750 1646 767 ·
1690 717 1805 779 ”et
1833 730 1969 779 tunc
2003 719 2137 780 uide

1516 815 1663 872 bunt
1691 814 1870 872 filium
1898 813 2062 874 homi

1515 908 1606 966 nis
1626 908 1960 968 uenientem

1517 1020 1650 1061 cum
1681 1001 1932 1060 nubibus
1959 1018 2096 1060 cum

1517 1105 1801 1171 potestate
1831 1113 2048 1171 magna

1517 1198 1574 1248 et
1596 1189 1894 1249 maiestate
1917 1220 1931 1235 ·
1957 1219 1970 1234 ·

1513 1280 1558 1315 ²⁸
1576 1282 1688 1341 His
1715 1292 1911 1342 autem
1938 1281 2060 1341 fieri
2088 1282 2149 1339 in

1515 1377 1856 1454 cipientibus

1513 1471 1862 1547 respirabitis
1889 1480 1946 1529 et
1975 1470 2029 1529 le

1512 1565 1720 1624 uabitis
1748 1564 1941 1642 capita
1966 1582 2072 1623 ues

1511 1667 1598 1716 tra
1619 1689 1632 1705 ·
1693 1663 1836 1736 qsim
1865 1658 2112 1735 adpropi

1509 1761 1569 1809 at
1597 1751 1879 1811 redemtio
1911 1762 2102 1811 uestra

2326 530 2519 589 ueniet
2545 530 2607 588 in
2636 548 2845 588 omnes

2326 624 2425 701 qui
2461 622 2665 683 sedent
2692 640 2861 701 super

2324 716 2534 777 faciem
2562 718 2755 777 omnis
2778 728 2862 778 ter

2324 830 2420 871 rae
2446 843 2459 858 ·
2503 811 2814 889 ’‘Uigilate
2841 812 2922 873 ita

2324 923 2437 983 que
2466 907 2627 965 omni
2660 915 2861 985 tempo

2322 1018 2384 1058 re
2414 1010 2643 1059 orantes
2700 1011 2764 1060 ut

2322 1093 2481 1170 digni
2509 1093 2841 1153 habeamini

2321 1187 2577 1264 effugere
2607 1190 2713 1247 ista
2742 1206 2845 1248 om

2323 1282 2420 1339 nia
2447 1300 2561 1359 que
2590 1281 2779 1341 sutura

2322 1384 2455 1433 sunt
2512 1384 2569 1433 et
2598 1376 2816 1435 stabitis

2320 1479 2455 1528 ante
2486 1468 2668 1527 filium
2695 1468 2859 1528 homi

2466 1563 2665 1621 mnis
2694 1590 2775 1614 m

2268 1655 2297 1688 *
2320 1656 2365 1689 ⁸⁷
2381 1656 2520 1716 Erat
2547 1668 2741 1716 autem
2768 1658 2907 1717 inter

2266 1748 2295 1781 ¹⁸²
2320 1751 2419 1810 dio
2448 1752 2671 1810 docens
2698 1752 2759 1809 in

1508 1842 1552 1878 ²⁹
1570 1844 1647 1904 Et
1675 1845 1816 1903 dixit
1845 1844 2180 1921 parabolam
2266 1844 2541 1921 *templo
2565 1876 2579 1891 ·
2646 1846 2871 1904 noctibs

1507 1939 1585 1997 ad
1612 1957 1716 1998 eos
1736 1970 1750 1985 ·
1810 1939 2000 1997 uidete
2031 1938 2070 1997 fi

1507 2031 1776 2091 culneam
1805 2040 1862 2091 et
1890 2050 2100 2091 omnes

1507 2126 1746 2185 arbores
1771 2157 1785 2172 ·
1829 2124 1874 2159 ⁸⁰
1891 2144 2024 2185 cum
2053 2144 2162 2203 pro

1505 2219 1836 2297 producunt
1864 2220 1980 2278 iam
2011 2238 2082 2279 ex

1508 2331 1570 2372 se
1599 2312 1848 2371 fructum
1868 2343 1882 2358 ·
1951 2312 2046 2372 Sci

1505 2407 1576 2467 tis
1604 2413 1748 2484 qum
1777 2408 1894 2466 iam
1923 2424 2104 2485 prope

1503 2549 1592 2598 est
1610 2549 1797 2599 aestas
1809 2571 1822 2586 ·
1841 2539 1886 2573 ⁸¹
1899 2539 1986 2600 Ita
2002 2549 2062 2599 et
2080 2539 2189 2599 hec

1506 2652 1643 2693 cum
1669 2634 1920 2694 uideritis
1951 2635 2071 2692 fieri
2095 2665 2108 2681 ·

1508 2729 1710 2788 scitote
1739 2729 1900 2807 quod
1935 2745 2117 2806 prope

1508 2831 1594 2881 est
1620 2840 1864 2898 regnum
1895 2822 1954 2880 di
1975 2853 1988 2868 ·

1506 2913 1744 2974 ⁸²Amen
1757 2916 1888 2976 dico
1904 2915 2078 2976 uobis
2088 2917 2223 2996 quia

1507 3027 1629 3069 non
1661 3011 1954 3085 preteribit
1981 3027 2058 3085 ge

1507 3104 1728 3162 neratio
1759 3105 1869 3163 hec
1898 3103 2081 3163 donec

1506 3199 1707 3257 omnia
1735 3198 1876 3256 fiant
1899 3229 1913 3244 ·
1959 3198 2002 3230 ⁸⁸
2021 3198 2205 3258 Caeh'i

1505 3301 1562 3348 et
1593 3293 1742 3350 t»erra
1769 3292 2028 3350 transibit

1505 3386 1679 3443 uerba
1707 3397 1898 3444 autem
1929 3403 2062 3444 mea

1505 3496 1628 3535 non
1663 3480 1985 3537 transibunt

1504 3571 1874 3630 ⁸⁴Adtendite
1903 3582 2096 3632 autem
2126 3593 2205 3634 uo

1503 3666 1591 3724 bis
1621 3684 1696 3724 ne
1725 3665 1869 3725 forte
1899 3683 2120 3741 grauen

1500 3769 1590 3817 tur
1617 3759 1798 3818 corda
1825 3771 2019 3819 uestra
2045 3760 2106 3818 in

1498 3853 1735 3929 crapula
1763 3864 1820 3912 et
1846 3855 2004 3913 ebrie

1497 3957 1614 4005 tate
1638 3978 1652 3993 ·
1680 3980 1692 3994 ·
1756 3947 1832 4005 Et
1861 3948 2053 4024 cogita

1496 4041 1751 4100 tionibus
1775 4041 2080 4100 secularibs
2111 4067 2171 4084 ··-

1495 4144 1553 4194 et
1583 4135 1948 4210 superueniat
1977 4135 2035 4192 in

1497 4245 1604 4287 uos
1632 4229 1932 4303 repentina
1959 4228 2081 4287 dies

1495 4320 1591 4379 illa
1615 4351 1628 4366 ·
1672 4320 1718 4354 ³³
1738 4332 2036 4400 tamquam
2065 4322 2118 4380 la

1494 4432 1679 4493 queus
1708 4415 1866 4474 enim
1896 4433 2070 4492 super

2315 1956 2457 1998 uero
2486 1940 2845 1997 auocabatur

2313 2033 2375 2090 in
2406 2043 2605 2092 monte
2634 2034 2733 2110 qui
2760 2052 2839 2092 uo

2312 2136 2476 2185 catur
2503 2126 2696 2185 oliueti
2717 2158 2733 2174 ·
2776 2126 2820 2161 ⁸⁸
2838 2126 2914 2187 Et

2313 2220 2505 2279 omnis
2534 2220 2785 2297 populus

2312 2314 2642 2373 manicabat
2671 2315 2747 2373 ad
2775 2322 2847 2374 eii

2312 2407 2373 2465 in
2402 2408 2623 2484 templo
2651 2408 2850 2469 audire
2880 2408 2917 2468 il

2312 2539 2433 2598 lum
2458 2573 2471 2586 ·
2494 2571 2509 2587 ·
2530 2573 2545 2588 ·
2591 2547 2693 2600 22.
2722 2533 3037 2620 ¹Adpropi⁴

2310 2635 2427 2704 auit
2455 2647 2649 2694 autem
2678 2636 2801 2695 dies
2830 2655 2937 2715 azy

2311 2745 2541 2787 morum
2604 2731 2704 2807 qui
2734 2731 2845 2789 dici

2309 2830 2401 2879 tur
2430 2823 2651 2899 pascha
2674 2855 2689 2870 ·
2734 2821 2847 2882 'Et
2875 2843 2990 2904 que

2311 2916 2514 2974 rebant
2542 2919 2833 2996 principes

2312 3011 2679 3071 sacerdotum
2708 3023 2765 3071 et

2312 3105 2534 3163 scribae
2562 3123 2785 3183 quomo

2312 3199 2390 3257 do
2418 3217 2553 3257 eum
2583 3199 2841 3259 interfice

2309 3303 2438 3351 rent
2488 3293 2766 3352 timebant

2307 3403 2448 3445 uero
2478 3387 2709 3462 plebem
2734 3418 2747 3434 ·
2766 3419 2809 3432 -

2308 3477 2586 3538 ⁸Intrauit
2616 3491 2809 3538 autem
2840 3498 2905 3540 sa

2306 3583 2473 3632 tanas
2503 3575 2562 3632 in
2593 3575 2793 3633 iudam

2306 3667 2404 3744 qui
2434 3669 2871 3742 cognominaba

2304 3771 2397 3818 tur
2426 3761 2673 3821 scarioth
2736 3779 2889 3821 unus

2303 3853 2378 3912 de
2406 3854 2717 3914 duodecim
2742 3886 2755 3901 ·
2783 3885 2798 3901 ·

2302 3947 2323 3980 ⁴
2344 3957 2401 4005 et
2428 3948 2569 4006 abiit
2598 3957 2655 4007 et
2684 3949 2919 4008 locutus

2302 4051 2389 4100 est
2419 4059 2555 4101 cum
2586 4043 2831 4118 principi

2302 4135 2410 4193 bus
2440 4136 2811 4195 sacerdotum

2302 4237 2359 4288 et
2387 4231 2592 4288 scribis
2651 4249 2827 4308 quem

2302 4323 2621 4382 admodum
2649 4325 2811 4383 illum

2300 4417 2545 4476 traderet
2574 4419 2657 4477 eis

3196 362 3664 427 [xit1.2o-xxx1.
3692 378 3770 429 ις.

3076 528 3172 589 ⁸et
3201 530 3357 606 pacti
3386 539 3518 588 sunt
3546 548 3621 608 pe

3074 624 3309 682 cuniam
3336 624 3413 681 illi
3444 624 3582 682 dare
3605 655 3620 670 ·

3074 718 3095 751 ⁸
3112 717 3189 776 Et
3216 719 3494 795 querebat
3527 735 3679 794 opur

3074 812 3377 871 tunitatem
3404 804 3475 869 ut⁴
3496 821 3584 871 tra

3074 905 3235 964 deret
3259 924 3397 964 eum
3425 904 3535 963 illis
3562 905 3613 965 si

3074 1018 3149 1058 ne
3177 1000 3347 1058 turba
3367 999 3449 1065 μ’
3464 998 3645 1058 Uenit

3074 1104 3269 1153 autem
3295 1093 3421 1152 dies
3450 1111 3559 1171 azy

3072 1205 3305 1247 morum
3368 1188 3430 1246 in
3457 1205 3574 1264 qua

3074 1299 3317 1340 necesse
3344 1291 3468 1341 erat
3494 1282 3575 1340 im

3071 1376 3277 1434 molari
3305 1376 3528 1452 pascha
3549 1408 3563 1423 ·

3071 1469 3092 1501 ⁸
3110 1468 3187 1527 Et
3214 1470 3369 1528 misit
3394 1480 3625 1547 petrum

3071 1574 3129 1621 et
3155 1563 3475 1622 iohannem
3503 1564 3706 1623 dicens

3070 1668 3273 1715 euntes
3300 1666 3499 1735 parate
3528 1675 3608 1716 no

3070 1750 3159 1809 bis
3189 1751 3409 1827 pascha
3436 1762 3500 1810 ut
3527 1761 3661 1810 mfln

3070 1845 3353 1904 ducemus
3375 1878 3389 1892 ·
3412 1878 3425 1892 ·
3462 1842 3581 1904 ⁹At
3610 1845 3687 1903 ilii
3734 1892 3738 1897 .

3069 1938 3334 1998 dixerunt
3389 1940 3489 1998 ubi
3518 1940 3608 1998 uis

3069 2050 3341 2108 paremus
3364 2065 3379 2079 ·
3426 2034 3471 2067 ¹⁰
3484 2042 3543 2091 et
3570 2033 3715 2093 dixit

3068 2126 3177 2185 illis
3240 2145 3378 2186 ecce
3407 2128 3558 2186 intro

3066 2221 3335 2279 euntibus
3365 2222 3533 2280 uobis
3560 2221 3621 2280 in
3682 2246 3691 2252 ·

3068 2315 3297 2374 ciuitate
3324 2333 3505 2375 occur

3067 2418 3154 2468 ret
3181 2410 3350 2468 uobis
3378 2410 3561 2470 homo

3065 2541 3352 2602 amforam
3382 2561 3531 2621 aque
3560 2560 3673 2620 por

3066 2647 3195 2696 tans
3214 2668 3228 2682 ·
3294 2638 3603 2713 sequimini
3632 2643 3707 2697 esi

3064 2731 3126 2789 in
3148 2731 3329 2790 domo
3357 2731 3416 2789 in
3444 2749 3565 2808 quo
3591 2731 3767 2789 intrat

3061 2822 3104 2856 ¹²
3122 2833 3179 2883 et
3206 2824 3378 2883 dicite
3406 2823 3691 2901 patrifami

3062 2918 3171 2977 liae
3192 2950 3207 2964 ·
3269 2916 3553 2994 Magister
3580 2917 3719 2978 dicit

3060 3013 3159 3071 ubi
3188 3019 3275 3072 est
3304 3012 3619 3072 diuersoriii

3061 3106 3161 3164 ubi
3189 3105 3409 3182 pascha
3438 3124 3589 3164 cum·
3602 3106 3693 3165 dis

3062 3200 3266 3278 cipulis
3294 3201 3443 3259 meis
3472 3219 3610 3259 man

3062 3294 3274 3353 ducem
3294 3326 3307 3340 ·
3353 3294 3396 3328 ¹²
3413 3295 3489 3353 Et
3517 3295 3609 3354 ille
3638 3312 3722 3354 uo

2998 3428 3003 3432 -
3061 3389 3149 3446 bis
3178 3389 3445 3448 ostendet
3473 3407 3617 3466 supe

3060 3482 3271 3541 riorem
3298 3481 3495 3542 locum
3524 3495 3639 3543 stra

3059 3585 3183 3634 tum
3212 3595 3489 3652 magnum
3520 3577 3598 3635 ibi
3627 3595 3705 3653 pa

3058 3679 3178 3728 rate
3204 3701 3217 3715 ·
3262 3669 3305 3704 ¹⁸
3319 3671 3539 3730 Euntes
3568 3674 3702 3729 aute

3058 3763 3407 3822 inuenerunt
3460 3765 3615 3830 ‚sicut

3057 3857 3200 3916 dixit
3228 3858 3338 3916 illis
3400 3867 3459 3917 et
3486 3877 3629 3935 para

3054 3961 3265 4010 uerunt
3293 3953 3483 4028 pacha
3508 3983 3521 3998 ·
3566 3951 3610 3985 ¹⁴
3629 3952 3708 4012 Et

3055 4063 3193 4104 cum
3222 4045 3376 4105 facta
3404 4056 3557 4105 esset
3585 4045 3731 4106 hora

3053 4139 3345 4198 discubuit
3404 4139 3482 4198 Et
3512 4141 3632 4201 duo

3054 4233 3244 4293 decim
3274 4235 3523 4310 apostoli
3552 4253 3689 4294 cum

3051 4328 3149 4386 illo
3182 4359 3196 4376 ·
3240 4327 3285 4360 ¹⁵
3300 4328 3379 4387 Et
3406 4329 3485 4388 ait
3504 4329 3611 4390 illis
3634 4329 3757 4390 desi

3052 4422 3215 4482 derio
3246 4423 3571 4483 desideraui

3798 537 3925 585 101.
3948 538 4077 586 150.
