4373 5048
811 374 935 435 104

479 544 604 594 ποι.
627 545 752 595 145.
803 530 1082 591 Dicentes
1105 561 1121 578 ·
1185 532 1236 590 si
1263 530 1364 590 dix

799 625 1017 683 erimus
1047 623 1119 683 de
1148 624 1314 683 caelo

799 717 956 777 dicet
983 718 1155 778 nobis
1181 736 1302 795 qua

797 828 861 869 re
889 828 1032 887 ergo
1063 828 1186 870 non
1213 828 1314 871 cre

800 903 1022 962 didistis
1051 902 1130 962 illi
1155 934 1170 949 ·
1233 904 1254 937 ⁸
1272 912 1330 963 et
1359 904 1408 963 si

799 996 1116 1055 dixerimus
1144 1014 1218 1055 ex
1247 996 1326 1057 ho

797 1091 1054 1149 minibus
1138 1090 1304 1167 plebs

795 1184 1070 1243 uniuersa
1099 1184 1294 1261 lapida

797 1277 880 1336 bit
909 1295 1022 1337 nos
1040 1310 1055 1325 ·
1119 1278 1280 1338 Certi

797 1380 934 1430 sunt
960 1372 1118 1431 enim
1145 1370 1326 1431 iohan

796 1483 934 1523 nem
963 1464 1249 1541 profetam
1276 1465 1338 1524 fu

799 1558 914 1617 isse
939 1589 955 1605 ·
1018 1558 1042 1593 '⁸
1059 1570 1120 1619 et
1145 1578 1364 1636 respon

797 1652 1010 1713 derunt
1037 1670 1102 1712 se
1131 1654 1296 1712 nesci

796 1764 859 1805 re
885 1746 1045 1805 unde
1129 1746 1151 1778 ⁸
1169 1746 1314 1805 dixit

795 1850 992 1899 autem
1027 1840 1135 1899 illis
1162 1840 1253 1899 ihs

795 1952 987 2011 neque
1015 1952 1131 2011 ego
1166 1934 1340 1994 uobis

795 2027 929 2088 dico
956 2029 1018 2085 in
1045 2046 1160 2105 qua
1191 2038 1358 2105 potes

795 2130 912 2181 tate
940 2120 1086 2181 haec
1116 2121 1270 2181 facio
1294 2152 1309 2168 ·
1334 2152 1350 2169 ·
1371 2154 1458 2167 —

748 2216 779 2251 *
801 2217 823 2250 ⁹
841 2214 1056 2292 Coepit
1081 2224 1276 2275 autem
1303 2216 1434 2277 dice

745 2309 776 2344 ¹⁸⁸
799 2328 862 2370 re
890 2308 966 2369 ad
991 2309 1224 2387 plebem

795 2402 948 2463 hanc
977 2403 1322 2480 parabolam

795 2535 1048 2597 Uineam
1077 2535 1362 2614 plantauit

794 2630 978 2691 homo
1003 2642 1065 2691 et
1093 2630 1308 2690 locauit
1336 2641 1458 2690 ea-

790 2724 1019 2784 colonis
1040 2755 1055 2771 ·
1116 2733 1175 2783 et
1204 2724 1331 2801 ipse
1359 2741 1436 2802 pe

787 2837 952 2896 regre
979 2818 1084 2876 fuit
1151 2817 1274 2876 mul

790 2914 862 2973 tis
893 2913 1252 2990 temporibus
1271 2943 1286 2959 ·

790 3005 838 3040 ²⁰
853 3007 932 3067 Et
959 3007 1219 3084 quodam
1247 3015 1450 3084 tempo

791 3120 851 3160 re
887 3163 896 3172 ‚
922 3102 1078 3159 misit
1103 3101 1181 3159 ad
1209 3101 1345 3161 colo

792 3211 903 3253 nos
925 3213 1158 3252 seruum
1185 3205 1250 3252 ut

790 3287 865 3346 de
898 3287 1086 3346 fructu
1119 3288 1330 3346 uineae

792 3381 1023 3440 daretur
1049 3381 1129 3439 illi
1153 3411 1168 3427 ·

791 3474 1006 3536 Coloni
1033 3484 1230 3534 autem
1257 3479 1434 3533 caesii

791 3569 953 3628 illum
981 3568 1328 3627 dimiserunt

791 3665 1028 3723 inanem
1052 3695 1069 3710 ·
1133 3661 1176 3695 ²¹
1195 3662 1274 3720 Et
1301 3661 1438 3722 addi

790 3758 876 3817 dit
904 3758 1148 3818 alterum
1175 3757 1338 3816 mitte

789 3871 854 3912 re
883 3869 1114 3910 seruum
1139 3882 1154 3897 ·
1221 3850 1302 3909 illi

790 3955 988 4006 autem
1016 3956 1075 4005 et
1101 3947 1257 4004 hunc
1286 3963 1408 4022 quo

791 4058 908 4117 que
937 4057 1174 4099 caesum
1200 4048 1258 4098 et
1285 4039 1412 4098 sine

791 4134 1017 4194 honore
1045 4134 1251 4193 dimise

789 4238 923 4287 runt
950 4229 1190 4288 inanem
1212 4258 1226 4275 ·

789 4321 834 4356 ¹²
853 4323 929 4383 Et
955 4323 1176 4384 addidit
1201 4322 1432 4384 tertium

789 4419 1014 4478 mittere
1041 4435 1276 4480 seruum

2173 352 2413 417 SECD
2434 384 2449 399 ·

1555 528 1646 589 Illi
1675 538 1870 590 autem
1899 538 1958 589 et
1983 528 2140 589 hunc

1555 642 1791 700 quoque
1820 640 2024 683 cesum

1555 717 1896 776 dimiserunt
1923 718 2096 775 inane
2117 748 2132 763 ·

1554 808 1598 843 ²⁸
1616 809 1779 869 Dixit
1799 819 1994 869 autem
2025 808 2138 869 dfis
2168 810 2227 869 ui

1555 922 1702 962 neae
1729 904 1873 980 quid
1902 902 2115 963 faciam
2138 934 2155 949 ·

1555 997 1782 1055 mittam
1811 996 1994 1055 filium

1555 1108 1754 1149 meum
1783 1088 2058 1149 dilectissi

1555 1201 1718 1243 mum
1743 1215 1757 1230 ·
1820 1183 2062 1242 forsitan

1553 1276 1711 1335 hunc
1739 1277 2090 1336 uerebuntur
2111 1308 2126 1323 ·

1553 1370 1598 1405 ¹⁴
1617 1369 1812 1443 Quem
1831 1388 1969 1430 cum
1985 1370 2243 1430 uiderent

1553 1464 1749 1524 coloni
1829 1464 2096 1541 cogitaue

1553 1567 1686 1617 runt
1715 1560 1867 1618 intra
1895 1577 1956 1617 se
1986 1557 2048 1618 di

1553 1662 1754 1711 centes
1777 1683 1792 1697 ·
1857 1651 1950 1711 hic
1984 1662 2076 1712 est

1554 1744 1722 1805 heres
1749 1746 2091 1805 occidamus

1552 1839 1712 1898 illum
1739 1850 1798 1899 et
1825 1850 2024 1901 nostra

1552 1933 1658 1992 erit
1685 1932 1971 1994 hereditas

1551 2024 1596 2058 ¹³
1613 2026 1689 2086 Et
1716 2027 1962 2087 eiectum
1990 2027 2150 2088 illum

1551 2130 1715 2179 extra
1741 2120 1978 2179 uincam
2005 2142 2080 2182 oc

1551 2213 1814 2272 ciderunt
1843 2246 1858 2261 ·
1919 2216 2059 2292 quid

1549 2324 1694 2383 ergo
1721 2306 1891 2367 faciet
1917 2308 2027 2369 dfis
2055 2310 2114 2369 ui

1550 2418 1696 2461 neae
1779 2402 2098 2463 ¹‘uenietet
2125 2422 2229 2482 per

1549 2532 1647 2592 det
1673 2534 1918 2596 colonos
1946 2537 2087 2595 istos

1547 2638 1607 2686 et
1635 2628 1796 2687 dabit
1821 2629 2052 2687 uincam
2081 2629 2204 2690 aliis
2227 2661 2241 2676 ·

1545 2721 1864 2782 Audientes
1892 2733 2087 2782 autem

1545 2815 1816 2875 dixerunt
1895 2818 2046 2876 absit
2063 2849 2150 2862 -

1544 2907 1589 2944 ²⁷
1607 2909 1743 2986 Ipse
1773 2921 1968 2970 autem
1995 2912 2178 2989 aspici

1544 3021 1650 3063 ens
1679 3021 1782 3063 eos
1811 3005 1889 3064 ait
1907 3036 1921 3051 ·
1981 3006 2124 3082 quid

1543 3107 1632 3156 est
1658 3116 1800 3174 ergo
1829 3098 1944 3158 hoc
1971 3100 2133 3178 quod

1543 3191 1824 3268 scriptum
1857 3204 1946 3253 est
2027 3194 2084 3253 la

1544 3285 1740 3362 pidem
1769 3305 1946 3362 quem
1975 3307 2037 3346 re

1542 3379 1934 3457 probauerunt
1962 3381 2094 3441 aedi

1543 3471 1784 3531 ficantes
1811 3472 1904 3534 hic
1935 3474 2026 3534 fac

1546 3578 1638 3625 tus
1667 3579 1754 3626 est
1780 3567 1842 3626 in
1870 3578 2049 3645 caput
2086 3587 2164 3628 an

1545 3660 1668 3737 guli
1681 3693 1694 3706 ·
1717 3659 1975 3722 ¹⁸Omnis
1992 3663 2094 3740 qui
2111 3665 2235 3723 ceci

1545 3755 1694 3815 derit
1721 3773 1896 3833 supra
1925 3756 2026 3816 illfi

1543 3848 1796 3926 lapidem
1825 3869 2090 3927 conquas

1545 3944 1761 4004 sabitur
1843 3963 2018 4022 supra

1544 4055 1722 4115 quem
1749 4038 2021 4098 ceciderit
2047 4057 2123 4099 au

1545 4142 1664 4191 tem
1693 4133 2051 4192 comminuet

1542 4226 1702 4285 illum
1723 4259 1738 4274 ·
1783 4227 1825 4260 ¹⁹
1844 4227 1921 4285 Et
1948 4245 2124 4304 quere

1543 4321 1686 4379 bant
1713 4321 2005 4398 principes
2034 4340 2100 4381 sa

1544 4415 1848 4477 cerdotum
1871 4424 1929 4475 et
1957 4416 2180 4479 scribae

2372 529 2599 589 mittere
2626 530 2689 589 in
2718 527 2881 588 illum

2370 640 2581 681 manus
2608 623 2737 699 ipsa
2764 624 2910 683 hora
2932 655 2949 670 ·

2370 724 2431 773 et
2458 716 2773 775 timuerunt
2800 734 2961 795 popu

2368 806 2491 867 lum
2512 840 2526 856 ·
2590 820 2995 887 cog-nonerunt

2368 901 2527 959 enim
2556 903 2717 979 quod
2743 903 2821 961 ad
2847 904 2988 965 istos

2369 994 2513 1053 dixit
2539 996 2906 1056 similitudine

2370 1089 2539 1147 istam
2562 1120 2577 1135 ·
2647 1089 2694 1123 '⁰
2710 1090 2787 1150 Et
2816 1110 2953 1149 cum
2980 1110 3043 1153 re

2368 1183 2647 1243 cesissent
2670 1214 2685 1230 ·
2749 1186 2859 1243 sub

2366 1277 2644 1336 miserunt
2670 1278 2769 1355 qui
2798 1296 2861 1337 se

2366 1370 2546 1429 iustos
2576 1371 2857 1430 simulaue

2366 1471 2499 1522 runt
2580 1474 2643 1523 ut
2670 1464 2849 1543 adpre

2366 1557 2687 1617 henderent
2714 1576 2910 1618 sermo

2366 1668 2471 1709 nes
2499 1652 2622 1711 eius
2652 1662 2711 1710 et
2736 1650 2895 1711 trade

2366 1753 2495 1803 rent
2521 1744 2681 1805 illum
2711 1756 2881 1823 potes

2363 1839 2465 1897 tati
2493 1849 2552 1898 et
2580 1840 2939 1917 magistratui

2362 1934 2609 2009 presidis
2633 1965 2647 1981 ·
2712 1932 2757 1968 ²²
2774 1934 2853 1993 Et
2880 1935 2941 1993 in

2361 2035 2799 2103 terrogauerunt

2360 2120 2521 2179 illum
2549 2121 2809 2181 dicentes
2830 2154 2915 2167 -

2360 2211 2643 2290 Magister
2669 2216 2888 2276 scimus

2356 2308 2517 2383 quod
2544 2319 2699 2369 recte
2726 2310 2870 2370 dicis

2355 2412 2414 2459 et
2441 2400 2620 2461 doces
2646 2435 2659 2449 ·
2746 2412 2805 2463 et
2832 2420 2956 2462 non
2985 2422 3057 2465 ac

2354 2533 2499 2610 cipis
2528 2553 2839 2611 personam
2858 2567 2873 2582 ·

2354 2628 2459 2686 sed
2486 2629 2548 2686 in
2576 2629 2812 2688 ueritate
2840 2631 2984 2690 uia-

2354 2721 2414 2779 di
2441 2722 2620 2781 doces
2639 2754 2653 2769 ·
2719 2720 2914 2784 ¹²²²licet
2940 2743 3022 2783 no

2352 2815 2441 2873 bis
2468 2817 2741 2876 tributum
2769 2817 2891 2876 dari

2352 2910 2533 2968 cesari
2616 2919 2716 2969 aut
2744 2928 2927 2970 non-

2348 3001 2392 3036 ²⁸
2414 3002 2807 3064 Considerans
2838 3010 2972 3064 aute

2348 3097 2437 3156 ihs
2466 3097 2667 3157 dolum
2693 3097 2925 3159 illem--

2348 3192 2493 3251 dixit
2520 3193 2597 3251 ad
2622 3211 2725 3252 eos
2802 3195 2942 3271 quid

2348 3304 2445 3345 me
2474 3288 2723 3346 temtatis
2742 3318 2757 3332 ·
2818 3286 2860 3320 ²⁴
2882 3299 3051 3348 osten

2348 3379 2466 3438 dite
2494 3380 2636 3438 mihi
2662 3380 2966 3440 denariu-·

2347 3475 2509 3533 cuius
2538 3474 2712 3534 habet
2736 3476 2915 3554 imagi

2346 3587 2485 3628 nem
2567 3579 2624 3628 et
2652 3570 2913 3647 inscripti

2346 3679 2524 3721 onem
2547 3694 2562 3710 ·
2624 3663 2869 3740 Respon

2346 3756 2551 3815 dentes
2578 3758 2847 3817 dixerunt

2346 3852 2592 3911 caesaris
2614 3883 2629 3898 ·
2694 3850 2737 3884 ²⁶
2754 3853 2831 3912 ait
2858 3853 2965 3912 illis

2346 3945 2568 4004 reddite
2596 3965 2745 4023 quae
2775 3957 2909 4006 sunt

2346 4041 2595 4099 caesaris
2623 4041 2841 4100 caesari
2866 4073 2881 4088 ·

2344 4143 2402 4192 et
2429 4152 2579 4210 quae
2608 4134 2669 4193 di
2696 4144 2832 4193 sunt
2858 4135 2936 4195 do
2962 4167 3007 4180 -

2342 4224 2388 4259 ⁸⁶
2406 4227 2485 4286 Et
2511 4247 2632 4287 non
2660 4240 2973 4306 potuerunt

2344 4323 2591 4382 uerbum
2618 4324 2743 4384 eius
2770 4343 2935 4401 repre

2344 4416 2599 4478 hendere
2626 4436 2825 4479 coram
2852 4419 3024 4497 plebe

3492 365 3635 432 [XX.
3660 383 3821 435 5-34.

3118 530 3197 589 Et
3225 532 3416 591 mirati
3443 534 3505 592 in
3533 552 3749 611 respon
3844 541 3971 589 τοι.
3996 541 4133 589 146.

3117 640 3187 683 so
3216 625 3342 683 eius
3370 636 3677 687 tacuerunt

3114 713 3157 751 ’⁷
3175 718 3569 779 Accesserunt
3596 727 3731 782 aute

3114 811 3191 869 ad
3220 830 3356 871 eum
3386 814 3625 889 quidam

3114 905 3541 967 sadduceorum
3571 911 3669 987 qui

3112 1010 3332 1076 negant
3358 1019 3486 1061 esse
3514 1020 3680 1062 resur

3110 1092 3429 1153 rectionem
3453 1126 3467 1140 ·
3532 1095 3612 1154 Et
3638 1096 3698 1155 in

3110 1195 3554 1263 terrogauerunt

3109 1280 3271 1338 illum
3314 1278 3357 1313 ’⁸
3374 1282 3635 1343 dicentes
3654 1316 3671 1330 ·

3112 1372 3391 1451 Magister
3472 1394 3707 1453 moyses

3111 1468 3339 1544 scripsit
3366 1470 3537 1529 nobis

3112 1559 3173 1618 Si
3198 1559 3369 1621 frater
3396 1563 3637 1623 alicuius

3106 1665 3369 1714 mortuus
3398 1656 3567 1717 stierit

3108 1746 3331 1807 habens
3358 1768 3607 1809 uxorem

3106 1840 3185 1899 Et
3211 1840 3305 1902 hic
3334 1844 3458 1901 sine
3488 1844 3617 1904 filiis
3642 1845 3707 1905 fu

3106 1936 3212 1995 erit
3288 1947 3351 1995 ut
3378 1937 3625 2015 accipiat

3106 2046 3237 2089 eam
3266 2029 3437 2089 frater
3464 2033 3587 2091 eius

3103 2140 3347 2183 uxorem
3374 2134 3433 2183 et
3462 2127 3617 2185 susci

3112 2226 3193 2275 tet
3212 2234 3416 2276 semen
3442 2218 3597 2278 fratri

3108 2326 3217 2371 suo
3239 2342 3254 2357 ·
3280 2342 3295 2357 ·
3358 2312 3403 2347 ²⁹
3426 2313 3667 2391 Septem

3106 2402 3305 2465 fratres
3332 2418 3495 2465 erant

3106 2537 3262 2614 apud
3290 2556 3401 2598 nos
3423 2571 3438 2586 ·
3482 2549 3539 2600 et
3566 2543 3657 2617 pri

3104 2649 3236 2690 mus
3268 2635 3495 2712 accepit
3522 2653 3643 2694 uxo

3106 2743 3233 2784 rem
3260 2737 3318 2786 et
3344 2739 3609 2788 mortuus

3104 2831 3193 2878 est
3219 2821 3344 2880 sine
3372 2819 3491 2882 filio
3514 2853 3529 2869 ·
3570 2822 3710 2884 ⁸⁰Et
3740 2843 3809 2885 se

3106 2931 3292 2992 quens
3320 2918 3547 2993 accepit
3572 2917 3667 2976 illa

3104 3019 3161 3066 et
3188 3008 3281 3066 ille
3308 3019 3570 3070 mortuus
3598 3021 3688 3071 est

3104 3101 3229 3160 sine
3258 3101 3375 3162 filio
3400 3133 3415 3148 ·
3485 3103 3528 3136 ⁸¹
3550 3104 3628 3163 Et
3654 3115 3742 3164 ter

3100 3195 3213 3254 tius
3242 3196 3465 3272 accepit
3489 3197 3707 3256 illam-

3102 3288 3360 3349 similiter
3384 3299 3441 3348 et
3469 3311 3571 3350 om

3102 3400 3206 3440 nes
3235 3393 3461 3460 septem
3488 3403 3609 3444 non
3636 3404 3699 3445 re

3099 3475 3389 3553 liquerunt
3417 3477 3568 3536 filios
3597 3510 3642 3523 -

3100 3581 3158 3630 et
3187 3573 3396 3631 mortui
3422 3584 3558 3631 sunt
3579 3604 3593 3619 ·

3098 3661 3144 3698 ⁸⁸
3160 3665 3219 3724 N
3220 3667 3529 3726 ouissimae
3558 3676 3753 3727 autem

3098 3761 3361 3818 omnium
3390 3771 3621 3821 mortua

3098 3864 3186 3912 est
3213 3864 3270 3914 et
3298 3855 3502 3914 mulier
3520 3886 3537 3901 ·
3595 3855 3638 3888 ⁸³
3656 3855 3730 3916 In

3098 3950 3521 4008 resurrectione

3097 4060 3238 4118 ergo
3267 4044 3429 4102 cuius
3456 4049 3600 4102 corii

3096 4138 3202 4195 erit
3229 4155 3377 4196 uxor
3394 4168 3408 4182 ·
3472 4143 3633 4214 septe

3094 4231 3253 4290 enim
3281 4229 3608 4290 habuerunt

3094 4325 3251 4384 illam
3277 4343 3523 4385 uxorem
3546 4355 3561 4371 ·
3584 4356 3600 4372 ·
3617 4357 3701 4370 —

3094 4421 3137 4453 ³⁴
3158 4419 3545 4498 Respondens
3574 4417 3720 4480 dixit
