4373 5048
612 359 753 409 xix.
774 358 958 424 7-31.]
1888 336 2366 413 IOHANNE'·
3543 352 3626 436 69

293 536 425 586 1¹01.
450 536 580 586 846.
612 520 635 555 ⁷
655 518 1115 597 Responderunt
1143 520 1197 579 ei
1365 519 1523 581 foras
1549 518 1671 580 ihm
1698 529 1757 581 et
1777 520 1925 582 sedit
2172 542 2318 600 ergo
2346 520 2574 582 titulum
2599 521 2722 581 mul
2928 522 2974 557 ’Β
2993 522 3195 584 Stabat
3221 534 3415 585 autem
3441 544 3551 603 pro
3643 531 3768 580 ποι.
3795 532 3922 583 24¹7.

613 614 807 673 iudaei
832 646 846 659 ·
912 612 1045 674 Nos
1072 614 1267 691 legem
1366 633 1475 692 pro
1504 615 1773 674 tribunali
1800 617 1862 675 in
2170 618 2214 676 ti
2242 617 2503 695 legerunt
2531 616 2602 677 de
2634 618 2768 677 iude
2921 636 3000 696 pe
3029 636 3204 679 cruce
3233 619 3333 677 ihu
3361 632 3551 681 mater

612 708 899 767 habemus
967 718 1025 767 et
1055 726 1237 768 secun
1364 706 1561 767 locum
1589 710 1690 786 qui
1721 710 1929 769 dicitur
1946 740 1961 757 ·
2170 710 2220 769 is
2245 743 2258 756 -
2331 711 2467 789 quia
2493 728 2678 788 prope
2713 720 2830 771 er⁸t
2921 710 3070 772 illius
3093 744 3108 759 ·
3174 722 3232 773 et
3260 732 3428 773 soror
3455 734 3555 775 ma

611 802 754 862 dum
781 803 975 879 legem
1004 810 1203 862 nostra
1363 801 1767 878 lapidestratus
1825 804 1902 864 he
2168 802 2334 863 locus
2363 822 2398 863 a
2426 804 2692 863 ciuitatae
2716 835 2731 850 ·
2918 807 3021 865 tris
3049 807 3171 865 eius
3199 808 3380 867 maria
3408 808 3498 868 cle

610 897 783 956 debet
809 898 957 957 mori
1024 899 1163 975 quia
1361 896 1558 956 breice
1585 908 1781 957 autem
1807 900 1925 975 gab
2166 896 2269 954 ubi
2298 896 2634 956 crucifixsus
2660 907 2750 957 est
2919 918 3034 976 ope
3101 910 3160 960 et
3186 902 3372 961 maria
3398 922 3540 980 mag

610 991 792 1049 filium
819 991 881 1050 di
908 1008 973 1051 se
998 991 1133 1051 fecit
1158 1022 1172 1039 ·
1362 990 1500 1049 bata
1518 1022 1533 1037 ·
1576 989 1621 1023 ¹⁴
1637 1002 1759 1050 erat
1783 1004 1979 1052 autem
2166 988 2258 1047 ihs
2277 1020 2291 1035 ·
2357 999 2415 1048 et
2440 1000 2561 1049 erat
2589 991 2742 1049 scrib
2919 993 3128 1053 dalena
3147 1026 3162 1041 ·
3205 993 3248 1027 ¹⁸
3265 996 3354 1055 ihs
3380 1016 3523 1074 ergo

608 1082 631 1116 ⁸
650 1083 804 1143 Cum
833 1103 976 1161 ergo
1004 1086 1226 1146 audiuit
1247 1087 1309 1163 pi
1361 1101 1676 1159 parasceue
1704 1086 1923 1162 pascha
2162 1092 2291 1142 tum
2352 1083 2620 1144 hebreice
2648 1102 2752 1160 gre
2916 1098 2982 1146 ut
3001 1088 3144 1147 uidit
3169 1100 3416 1150 matrem

606 1177 756 1237 latus
783 1178 897 1238 hoc
926 1180 1167 1238 uerbum
1360 1177 1505 1236 hora
1533 1179 1699 1255 quasi
1728 1190 1892 1239 sexta
2134 1190 2233 1234 ‘ce
2262 1185 2320 1235 et
2348 1176 2528 1237 latine
2555 1208 2570 1223 ·
2615 1175 2658 1210 ²¹
2676 1177 2827 1239 Dice
2916 1188 2974 1239 et
3001 1179 3353 1260 discipulum
3379 1184 3458 1243 ad

606 1273 795 1348 magis
822 1272 1010 1333 timuit
1030 1305 1043 1321 ·
1088 1274 1109 1307 ⁹
1126 1274 1205 1334 Et
1356 1271 1436 1331 Et
1455 1272 1598 1331 dixit
1625 1272 1847 1333 iudaeis
1902 1293 2039 1334 ecce
2162 1270 2306 1328 bant
2333 1288 2476 1347 ergo
2503 1270 2686 1348 pilato
2917 1283 3166 1335 stantem
3186 1294 3362 1353 quem
3395 1276 3457 1337 di

608 1366 868 1425 introiuit
896 1369 1104 1427 iterum
1356 1384 1460 1425 rex
1482 1378 1673 1426 uester
1691 1398 1706 1413 ·
1748 1366 1795 1400 ¹⁵
1810 1368 1979 1427 excla
2161 1364 2456 1441 principes
2486 1363 2768 1425 iudaeorii
2914 1366 3132 1445 ligebat
3155 1401 3170 1417 ·
3235 1371 3336 1430 Ait
3365 1372 3538 1431 matri

608 1460 668 1518 in
694 1462 984 1537 praetorio
1014 1464 1227 1539 pilatus
1248 1494 1263 1510 ·
1358 1470 1665 1520 mauerunt
1682 1470 1877 1521 autem
2162 1456 2308 1515 Non
2341 1458 2592 1518 scn'bere
2623 1477 2727 1518 rex
2758 1460 2818 1518 iu
2917 1480 3058 1523 suae
3124 1464 3330 1524 mulier
3353 1484 3494 1526 ecce

605 1564 663 1614 et
691 1556 770 1614 ait
798 1556 875 1615 ad
903 1556 1025 1614 ihm
1092 1558 1249 1616 unde
1357 1554 1437 1611 illi
1500 1554 1635 1613 tolle
1664 1555 1804 1615 tolle
1832 1574 1935 1615 cru
2160 1550 2442 1609 dacorum
2465 1583 2480 1599 ·
2548 1550 2667 1612 Sed
2699 1554 2838 1629 quia
2917 1556 3066 1615 filius
3095 1568 3226 1616 tuus
3251 1590 3266 1605 ·
3308 1556 3355 1591 ¹⁷
3375 1560 3514 1619 dein

604 1666 667 1708 es
695 1658 759 1708 tu
779 1681 794 1696 .
856 1649 952 1708 ihs
983 1660 1181 1709 autem
1357 1648 1529 1722 cffige
1550 1649 1711 1707 illum
1735 1681 1750 1696 .
1814 1649 1914 1710 Ait
2163 1644 2286 1720 ipse
2315 1644 2461 1705 dixit
2517 1664 2622 1705 rex
2653 1652 2722 1705 ssi
2915 1650 2988 1709 de
3017 1650 3153 1709 dicit
3179 1651 3472 1729 discipulo

601 1762 954 1821 responsum
991 1744 1070 1802 illi
1099 1762 1223 1803 non
1357 1742 1466 1801 illis
1494 1742 1705 1819 pilatus
1734 1750 1871 1819 rege
2160 1738 2503 1797 iudaeorum
2526 1770 2541 1785 ·
2584 1737 2628 1771 ²²
2644 1740 2768 1799 Res
2915 1762 3052 1804 ecce
3080 1755 3265 1804 mater
3291 1754 3392 1806 tua
3416 1776 3429 1793 ·

572 1908 581 1921 ἡ
604 1838 765 1898 dedit
790 1870 805 1885 ·
852 1840 894 1871 ¹⁰
912 1838 1072 1898 Dicit
1102 1838 1179 1896 illi
1208 1840 1271 1917 pi
1355 1846 1616 1895 uestrum
1645 1838 1845 1895 crucifi
2160 1832 2370 1909 pondit
2398 1833 2612 1910 pilatus
2640 1834 2793 1911 quod
2916 1836 3010 1896 Ex
3041 1838 3136 1898 illa
3163 1839 3310 1898 hora
3335 1840 3562 1919 accepit

600 1931 751 1991 latus
821 1933 963 1991 mihi
992 1949 1115 1991 non
1146 1932 1203 1991 lo
1356 1948 1495 2005 gam
1516 1961 1531 1976 ·
1607 1929 1930 2008 Responde
2160 1926 2369 2003 scripsi
2399 1928 2605 2005 scripsi
2634 1953 2715 1981 ω
2915 1931 3074 1991 illam
3101 1932 3420 2010 discipulus

601 2028 830 2103 quaeris
850 2058 865 2073 ·
909 2026 1101 2085 nescis
1123 2027 1262 2103 quia
1355 2034 1489 2083 runt
1510 2024 1803 2102 principes
1825 2042 1892 2084 sa
2112 2016 2141 2050 *
2166 2018 2211 2051 ²³
2228 2019 2446 2079 Milites
2462 2040 2602 2098 ergo
2625 2030 2832 2099 postea
2849 2054 2863 2069 ·
2917 2026 2978 2084 in
3008 2044 3114 2085 sua
3142 2057 3156 2073 ·
3199 2024 3244 2061 ¹⁸
3267 2027 3401 2087 P0·t
3427 2028 3576 2089 haec

597 2130 946 2199 potestatem
974 2121 1163 2181 habeo
1353 2118 1655 2178 cerdotum
1716 2136 1841 2177 non
1868 2118 1946 2178 ha
2110 2110 2141 2145 *
2166 2132 2348 2190 quam
2375 2116 2783 2175 crucifixerunt
2915 2120 3107 2179 sciens
3134 2120 3224 2180 ihs
3251 2123 3390 2198 quia
3415 2141 3520 2185 om

597 2215 937 2293 crucifigere
966 2226 1023 2275 te
1091 2215 1169 2274 Et
1349 2213 1559 2272 bemus
1583 2229 1783 2289 regem
1854 2213 1915 2271 ni
2108 2204 2139 2239 *
2162 2208 2288 2266 ihm
2341 2210 2694 2270 sustulerunt
2913 2215 3013 2274 nia
3041 2216 3160 2274 iam
3186 2234 3438 2277 consum

596 2319 944 2387 potestatem
970 2310 1162 2370 habeo
1353 2307 1401 2366 si
1424 2323 1719 2367 caesarem
1738 2336 1751 2351 ·
1797 2305 1839 2339 ¹⁸
1856 2316 1993 2367 tunc
2158 2304 2510 2363 uestimenta
2532 2304 2683 2367 illius
2912 2319 3071 2368 mata
3097 2319 3234 2369 sunt
3251 2342 3266 2359 ·
3329 2319 3394 2370 ut
3421 2311 3503 2373 im

596 2441 884 2502 dimittere
905 2451 964 2502 te
988 2474 1002 2489 ·
1046 2440 1088 2476 ²¹
1106 2442 1230 2503 Res
1350 2455 1495 2515 ergo
1516 2434 1729 2496 tradidit
1750 2438 1836 2497 eis
1864 2436 2029 2497 illu-·
2154 2442 2214 2492 et
2234 2433 2497 2495 fecerunt
2525 2448 2669 2515 quat
2909 2439 3161 2519 pleretur
3188 2442 3473 2521 scriptura
3491 2474 3506 2491 ·
3533 2474 3552 2493 ο

594 2538 805 2616 pondit
834 2538 923 2598 ihs
992 2556 1115 2597 non
1135 2539 1217 2598 ha
1347 2544 1412 2593 ut
1440 2533 1869 2611 crucifigeretur
2151 2538 2284 2588 tuor
2304 2539 2497 2607 partes
2516 2562 2530 2577 ·
2588 2533 2695 2592 uni
2907 2535 3071 2596 Dixit
3085 2569 3098 2584 ·
3119 2537 3251 2597 sitio
3270 2569 3285 2584 ·
3307 2535 3540 2615 ”peluis
3549 2558 3614 2600 er

595 2633 765 2692 beres
794 2633 855 2690 in
882 2651 979 2691 me
1006 2642 1237 2709 potesta
1348 2625 1721 2704 Receperunt
1748 2642 1891 2703 ergo
1925 2625 2047 2684 ihm
2151 2623 2399 2699 cuiquae
2427 2626 2592 2685 militi
2621 2645 2726 2704 par
2905 2649 2986 2708 go
3012 2632 3209 2708 posita
3235 2641 3360 2691 erat
3387 2649 3494 2692 ace

594 2734 715 2785 tem
743 2726 920 2785 unam
944 2757 959 2772 .
1022 2726 1136 2785 nisi
1164 2726 1241 2787 da
1346 2730 1405 2780 et
1434 2721 1802 2780 adduxerunt
1819 2751 1834 2767 ·
1878 2717 1923 2754 ²⁷
1941 2730 1999 2779 et
2150 2725 2272 2774 tem
2292 2727 2350 2776 et
2371 2719 2630 2778 tunicam
2648 2750 2664 2767 ·
2901 2734 2964 2784 to
2985 2725 3159 2802 plena
3181 2757 3196 2772 ·
3262 2725 3530 2803 Spongia

594 2827 723 2878 tum
749 2821 854 2879 tibi
882 2819 1085 2880 suisset
1113 2821 1186 2880 de
1345 2824 1584 2892 portans
1601 2832 1839 2874 crucem
1857 2823 2027 2873 sua‘·
2151 2807 2298 2869 Erat
2323 2821 2518 2872 autem
2545 2814 2746 2876 tunica
2904 2837 3046 2896 ergo
3075 2819 3469 2896 impleuerant

596 2931 829 2974 sursum
851 2945 866 2961 .
929 2924 1168 2992 propter
1345 2909 1527 2967 exiuit
1554 2909 1615 2966 in
1642 2906 1841 2967 locum
1870 2907 1972 2984 qui
2151 2905 2249 2962 illa
2277 2923 2398 2965 non
2425 2909 2728 2969 consutilis
2753 2942 2768 2958 ·
2903 2923 3076 2973 aceto
3102 2923 3161 2972 et
3189 2912 3321 2973 felle
3347 2924 3404 2974 et
3431 2913 3512 2994 hy

595 3007 709 3068 hoc
737 3009 837 3086 qui
866 3008 1097 3068 tradidit
1117 3027 1212 3068 me
1346 3003 1556 3062 dicitur
1584 3002 1873 3062 caluariae
1901 3001 1963 3060 lo
2151 2998 2402 3076 desuper
2430 3010 2708 3062 contexta
2903 3024 3117 3083 sopum
3145 3007 3446 3084 circumpo

592 3103 697 3162 tibi
724 3103 913 3161 maius
940 3113 1235 3179 peccatu*
1344 3115 1450 3156 cus
1468 3127 1484 3144 ·
1545 3096 1706 3175 quod
1736 3096 1931 3174 apella
2149 3110 2256 3169 per
2283 3101 2472 3152 totum
2492 3125 2507 3140 ·
2549 3093 2768 3159 '‘Dixe
2903 3111 3110 3161 nentes
3138 3101 3473 3179 optulerunt

590 3194 767 3255 habet
784 3228 799 3243 .
829 3195 875 3228 ²²
890 3196 1121 3255 Exinde
1144 3215 1293 3274 quae
1342 3199 1434 3250 tur
1462 3191 1689 3251 ebreice
1715 3189 1897 3268 golgo
2148 3195 2286 3245 runt
2312 3204 2455 3264 ergo
2483 3188 2558 3247 ad
2587 3189 2781 3252 inuice
2903 3195 2988 3253 ori
3011 3195 3160 3254 illius
3183 3227 3198 3242 ·
3240 3194 3288 3228 ⁸⁰
3305 3194 3461 3255 Cum
3489 3215 3554 3258 er

588 3291 753 3350 rebat
779 3290 994 3367 pilatus
1023 3290 1192 3349 dimit
1342 3285 1445 3344 tha
1467 3318 1480 3331 ·
1544 3285 1586 3319 ¹⁸
1602 3285 1844 3344 ubillum
1879 3301 1981 3343 cru
2149 3297 2273 3339 non
2300 3281 2637 3343 scindamus
2667 3285 2813 3346 illa-
2831 3311 2848 3329 ·
2902 3306 2983 3365 go
3003 3289 3325 3365 accepisset
3352 3289 3444 3349 ihs

586 3394 704 3444 tere
731 3402 869 3444 eum
892 3415 907 3430 ·
967 3383 1169 3443 Iudaei
1198 3401 1273 3442 au
1344 3379 1684 3439 cifixerunt·
1755 3389 1813 3438 et
1840 3396 1977 3438 cum
2149 3372 2256 3434 sed
2283 3373 2590 3436 sortiamur
2611 3378 2685 3438 de
2713 3380 2752 3438 il
2903 3390 3135 3442 acetum
3163 3383 3308 3444 dixit
3337 3401 3456 3444 con

586 3489 707 3538 tem
732 3476 1131 3537 uociferabant
1343 3491 1418 3532 eo
1447 3473 1592 3533 alios
1621 3474 1772 3532 duos
1828 3472 1942 3532 hac
2148 3468 2206 3528 la
2232 3469 2399 3528 cuius
2425 3469 2530 3528 sit·
2590 3480 2654 3530 ut
2675 3473 2831 3534 scrib
2902 3487 3256 3536 summatum
3283 3489 3373 3538 est

588 3573 851 3633 dicentes
880 3602 895 3618 ·
956 3570 1019 3630 Si
1050 3571 1208 3630 hunc
1342 3577 1400 3627 et
1426 3567 1555 3626 illac
1578 3598 1593 3614 ·
1654 3567 1914 3625 medium
1941 3583 2017 3624 au
2148 3572 2278 3623 tura
2305 3564 2611 3641 impleatur
2633 3597 2647 3612 ·
2899 3567 2980 3628 Et
3007 3569 3294 3630 inclinans
3321 3573 3516 3651 capud

587 3667 877 3726 dimiseris
933 3683 1057 3724 non
1086 3683 1150 3725 es
1340 3671 1459 3720 tem
1488 3661 1611 3720 ihm
1633 3691 1648 3706 ·
1691 3659 1735 3692 ¹⁹
1752 3655 2021 3736 conscrip
2148 3675 2298 3734 quae
2325 3657 2470 3716 dixit
2492 3687 2508 3705 ·
2563 3657 2770 3720 Diuise
2897 3662 3130 3723 tradidit
3157 3669 3291 3740 spm
3313 3696 3328 3712 ·

587 3761 813 3820 amicus
841 3759 1093 3821 caesaris
1120 3791 1134 3806 ·
1340 3757 1414 3815 sit
1440 3765 1636 3816 autem
1662 3754 1838 3813 etiam
1866 3754 1971 3813 titu
2146 3760 2280 3810 runt
2306 3752 2652 3812 uestimenta
2897 3753 2942 3791 ⁸²
2961 3756 3128 3817 Iudei
3145 3766 3366 3818 autem.
3395 3769 3463 3820 ut
3477 3778 3604 3822 non

586 3855 799 3915 Omnis
820 3855 979 3914 enim
1001 3855 1101 3932 qui
1130 3859 1267 3931 rege
1338 3849 1459 3909 lum
1487 3849 1697 3927 pilatus
1764 3857 1823 3906 et
1848 3866 1931 3925 po
2144 3863 2280 3904 mea
2307 3846 2418 3906 sibi
2486 3856 2544 3905 et
2573 3864 2747 3926 super
2897 3862 3160 3911 maneret
3188 3871 3365 3931 super
3391 3873 3493 3915 cru

585 3966 647 4008 se
676 3949 815 4009 facit
876 3948 1141 4008 contradi
1336 3947 1452 4004 suit
1481 3962 1657 4020 super
1676 3953 1935 4002 cruce-·
2145 3941 2494 4000 uestimenta
2523 3959 2658 4000 mea
2897 3963 3028 4004 cem
3056 3962 3308 4023 corpora
3335 3949 3396 4007 in
3425 3951 3532 4009 sab

584 4043 665 4102 cit
690 4044 911 4103 caesari
934 4073 949 4090 ·
992 4042 1033 4076 ¹⁸
1052 4042 1269 4102 Pilatus
1333 4038 1476 4100 Erat
1502 4049 1697 4099 autem
1718 4036 1984 4113 scriptu*
2000 4068 2015 4083 ·
2142 4035 2426 4092 miserunt
2453 4044 2667 4094 sortem
2690 4066 2706 4082 ·
2895 4038 3034 4097 bato
3059 4069 3074 4085 ·
3134 4045 3280 4116 qum
3306 4059 3455 4102 cena
3479 4062 3561 4121 pu

583 4149 901 4215 postquam
922 4137 1141 4196 audiuit
1335 4135 1425 4194 ihs
1452 4150 1735 4194 nazoreus
1755 4162 1769 4178 ·
1834 4149 1935 4190 rex
2142 4127 2221 4186 Et
2245 4127 2456 4188 milites
2483 4127 2722 4203 quidem
2895 4149 2962 4190 ra
2990 4141 3112 4191 erat
3141 4157 3155 4174 ·
3214 4133 3358 4196 Erat
3385 4142 3518 4198 aute

581 4233 765 4293 uerba
780 4231 927 4292 haec
952 4264 966 4279 ·
1009 4231 1286 4308 produxit
1335 4229 1679 4290 iudaeorum
1704 4257 1717 4272 ·
1761 4222 1807 4258 ²⁰
1823 4225 2005 4285 Hunc
2140 4223 2290 4283 haec
2318 4221 2578 4283 fecerunt
2899 4243 3150 4304 magnus
3178 4228 3302 4289 dies
3331 4230 3480 4294 illius
