4373 5048
614 380 705 431 lx.
729 378 945 447 10-35.]

321 563 448 613 1¹01.
472 564 565 614 20.
614 561 687 621 In
715 560 897 620 domo
924 562 1082 621 eius·
1154 572 1214 623 et

610 673 751 715 ecce
778 656 941 714 multi
967 674 1050 732 pu

611 750 832 829 plic'ani
860 760 918 809 et
944 768 1056 827 pec

616 854 843 905 catores
868 862 1020 904 uene

614 947 751 997 runt
829 948 887 996 et
915 953 1101 999 recu-

615 1032 833 1093 bebant
860 1052 994 1092 cum
1024 1034 1123 1093 ihu

612 1136 671 1187 et
700 1126 997 1205 discipulis
1024 1129 1149 1188 eius
1168 1156 1183 1169 ·

610 1218 736 1279 ¹¹Et
765 1220 1029 1282 uidentes
1055 1221 1159 1281 fari

608 1313 729 1374 saei
757 1313 1027 1375 dicebant

605 1408 899 1485 discipulis
919 1410 1043 1469 eius
1062 1432 1077 1451 ·

608 1520 786 1579 quare
813 1502 1090 1579 magister

603 1606 797 1657 uester
862 1614 999 1656 cum
1026 1615 1108 1675 pu

607 1691 931 1770 plicanibus
960 1700 1019 1750 et
1052 1692 1081 1733 ⁵

603 1786 1007 1862 peccatoribus

605 1879 925 1940 manducat
942 1907 955 1921 ·
1016 1877 1149 1940 ²²At
1175 1880 1264 1941 ihs

548 2008 557 2013 -
602 1974 847 2035 audiens
916 1976 993 2035 ait
1020 1974 1131 2035 illis
1150 2004 1163 2017 ·

601 2088 727 2128 non
754 2080 843 2129 est
869 2088 1020 2147 opus
1043 2095 1057 2110 ·
1083 2090 1149 2131 sa

602 2164 693 2222 nis
720 2164 1015 2224 medicus·
1038 2165 1141 2225 sed

602 2257 757 2317 male
784 2257 1130 2318 habentibus
1155 2284 1167 2298 ·

602 2349 875 2411 ¹³Euntes
903 2361 1098 2412 autem
1126 2351 1216 2411 dis

602 2444 713 2503 cite
743 2444 883 2521 quid
911 2445 981 2503 sit

603 2578 1053 2639 misericordiam

600 2672 743 2732 uolo
770 2681 829 2731 et
854 2690 979 2731 non
1008 2673 1154 2733 sacri

600 2767 799 2828 ficium
822 2791 837 2805 ·
885 2784 1010 2826 non
1038 2775 1135 2827 eni

598 2860 735 2920 ueni
761 2878 974 2921 uocare
1002 2862 1092 2921 ius

598 2963 691 3016 tos
720 2954 824 3014 sed
852 2966 1097 3032 peccato

597 3067 691 3110 res
710 3073 725 3089 ·
782 3046 1011 3109 “Tunc
1042 3069 1111 3110 ac

598 3152 898 3205 cesserunt
926 3144 1002 3203 ad
1028 3155 1146 3204 eu-

598 3239 864 3315 discipuli
890 3238 1157 3298 iohannis

596 3334 859 3395 dicentes
882 3359 895 3374 ·
957 3351 1136 3409 quare

596 3447 707 3489 nos
735 3437 793 3488 et
820 3426 1068 3505 pharisei

594 3524 916 3584 ieiunamus
943 3520 1025 3579 fre

597 3629 841 3696 quenter
858 3642 871 3657 ·
934 3613 1079 3675 disci

596 3712 716 3789 puli
743 3719 938 3770 autem
967 3709 1047 3768 tui

598 3822 723 3864 non
752 3803 1009 3864 ieiunant
1027 3835 1040 3850 ·
1066 3832 1081 3849 ·

597 3898 729 3958 ¹³Et
756 3900 834 3958 ait
862 3899 970 3957 illis
998 3899 1088 3956 ihs
1110 3929 1126 3945 ·

594 3992 879 4070 numquid
908 4009 1019 4069 pos

598 4097 735 4150 sunt
762 4087 861 4146 filii
889 4103 1042 4162 spon

598 4183 648 4242 si
677 4183 932 4242 ieiunare
957 4211 970 4226 ·
992 4210 1008 4227 ·

594 4277 873 4356 quamdiu
902 4293 1036 4335 cum

596 4371 707 4433 illis
734 4379 822 4431 est
848 4385 1099 4448 sponsus

1882 372 2017 434 MA
2035 364 2359 435 TTHEU
2373 406 2386 421 ·

1372 560 1627 621 Uenient
1654 571 1847 621 autem
1874 560 1933 621 di

1371 674 1437 715 es
1510 674 1648 716 cum
1677 656 1870 715 aufere

1370 760 1463 809 tur
1490 752 1567 810 ab
1593 750 1675 809 eis
1703 768 1952 827 sponsus

1371 853 1429 903 et
1457 854 1595 904 tunc
1624 844 1960 904 ieiunabunt

1368 939 1431 996 in
1458 938 1565 997 illis
1591 938 1795 998 diebus
1812 965 1825 979 ·

1369 1029 1415 1065 ²⁸
1426 1031 1622 1092 Nemo
1650 1042 1841 1092 autem
1872 1051 2007 1093 com

1366 1126 1540 1185 mittit
1563 1126 1812 1186 commis

1364 1237 1497 1279 sura
1523 1221 1703 1297 panni
1730 1220 1885 1279 rudis

1361 1314 1423 1371 in
1449 1314 1856 1373 uestimentum

1360 1416 1525 1465 uetus
1544 1433 1558 1447 ·
1623 1407 1766 1467 tollit

1358 1502 1516 1559 enim
1542 1500 1793 1561 fortitudi

1360 1596 1646 1654 nem'eius
1674 1614 1711 1655 a
1737 1595 1881 1655 uesti

1360 1699 1561 1749 mento
1587 1690 1766 1748 ueten'
1793 1700 1849 1749 et

1359 1784 1519 1860 peior
1548 1783 1610 1843 fit
1638 1786 1884 1844 scissura
1902 1812 1917 1827 ·

1356 1877 1401 1911 ¹⁷
1410 1876 1617 1954 Neque
1643 1878 1874 1939 mittunt
1898 1882 1959 1941 ui

1356 1990 1499 2031 num
1527 1990 1747 2031 nouum
1774 1974 1835 2032 in

1352 2076 1509 2127 utres
1534 2076 1756 2125 ueteres
1771 2097 1785 2112 ·

1357 2159 1632 2238 Alioquin
1660 2178 1908 2237 rumpen

1355 2263 1446 2313 tur
1472 2264 1628 2313 utres
1702 2265 1759 2313 et
1787 2255 1846 2314 ui

1356 2365 1498 2406 num
1526 2346 1851 2407 effundetur
1869 2373 1885 2388 ·

1354 2585 1411 2634 et
1433 2585 1587 2634 utres
1614 2575 1879 2651 peribunt
1898 2601 1913 2616 ·

1355 2667 1471 2728 Sed
1499 2670 1729 2728 mittunt
1756 2669 1947 2728 uinu-

1353 2780 1574 2823 nouum
1600 2763 1661 2822 in
1687 2773 1842 2822 utres

1352 2875 1544 2917 nouos
1570 2867 1629 2916 et
1655 2858 1832 2918 ambo
1860 2876 1952 2917 ser

1353 2961 1563 3011 uantur
1580 2975 1595 2989 ·
1651 2949 1921 3020 †¹⁸Haec

1350 3045 1451 3104 illo
1480 3045 1749 3121 loquente
1776 3047 1859 3105 eis
1879 3083 1892 3097 ·

1349 3137 1509 3200 Ecce
1535 3141 1806 3218 princeps
1833 3158 1906 3200 ue

1350 3235 1519 3294 niens
1596 3237 1811 3295 accesit

1348 3339 1409 3388 et
1436 3328 1717 3389 adorabat
1742 3347 1877 3388 eum

1347 3422 1551 3482 dicens
1568 3449 1581 3463 ·
1643 3424 1920 3499 quoniam

1350 3517 1467 3576 filia
1495 3535 1627 3578 mea
1656 3517 1835 3577 modo
1866 3518 1939 3577 de

1346 3611 1546 3672 functa
1570 3622 1659 3671 est
1735 3611 1837 3670 sed

1345 3707 1585 3766 ueniens
1612 3706 1828 3783 inpone

1347 3818 1589 3859 manum
1618 3817 1792 3880 super
1816 3811 1931 3860 ea-

1344 3902 1403 3951 et
1428 3894 1586 3953 uiuet
1614 3919 1627 3934 ·
1686 3892 1815 3952 ¹·Et
1842 3911 1937 3954 sur

1345 4006 1492 4064 gens
1518 3987 1607 4046 ihs
1635 4005 1811 4064 seque

1344 4083 1512 4142 batur
1538 4100 1672 4141 eum
1700 4100 1837 4142 cum

1344 4176 1639 4253 discipulis
1668 4177 1783 4235 suis
1803 4203 1817 4218 ·

1342 4269 1474 4330 ”Et
1500 4287 1637 4330 ecce
1665 4269 1869 4329 mulier

1345 4383 1459 4442 que
1486 4365 1780 4442 sanguinis

2178 562 2404 621 fluxum
2431 560 2686 623 habebat

2176 654 2484 716 duodecim
2512 658 2682 716 annis
2699 682 2718 699 ·

2175 746 2488 809 Accedens
2516 760 2671 810 retro

2173 841 2358 918 tetigit
2386 842 2590 902 fimbre

2172 952 2272 993 am
2299 936 2629 995 uestimenti

2170 1028 2294 1086 eius
2312 1054 2326 1068 ·
2387 1026 2671 1091 ”dicebat

2169 1121 2326 1179 enim
2356 1122 2506 1182 intra
2535 1142 2598 1183 se
2616 1151 2631 1165 ·

2169 1214 2218 1272 si
2245 1217 2652 1279 tantummodo

2162 1307 2405 1385 tetigero
2431 1311 2576 1370 uesti

2165 1410 2366 1461 mento
2394 1403 2518 1463 eius
2612 1405 2700 1465 sal

2164 1512 2242 1553 ua
2268 1513 2398 1555 ero·
2459 1494 2590 1558 2''At
2611 1498 2707 1557 ille

2163 1606 2480 1649 conuersus
2507 1591 2566 1650 ui

2162 1680 2310 1741 dens
2337 1700 2470 1742 eam
2499 1684 2646 1746 dixit
2667 1710 2681 1725 ·

2162 1774 2460 1836 Constans
2486 1788 2613 1839 esto
2643 1779 2682 1838 fi

2161 1868 2240 1928 lia
2306 1870 2451 1931 fides
2478 1882 2578 1930 tua
2604 1882 2662 1931 te

2161 1962 2388 2022 saluam
2415 1964 2550 2025 fecit
2567 1990 2582 2005 ·
2643 1976 2703 2027 et

2160 2054 2322 2115 salua
2349 2057 2502 2117 facta
2527 2069 2616 2119 est

2160 2149 2363 2208 mulier
2388 2170 2463 2210 ex
2490 2152 2584 2211 illa
2613 2152 2691 2214 ho

2157 2262 2226 2301 ra
2243 2268 2258 2283 ·
2315 2240 2442 2303 2³Et
2463 2263 2598 2304 cum
2626 2264 2699 2305 ue

2160 2335 2338 2396 nisset
2365 2337 2454 2397 ihs
2481 2338 2543 2397 in
2572 2339 2650 2399 do

2156 2581 2321 2622 mum
2349 2565 2628 2644 principis
2649 2592 2666 2607 ·

2155 2656 2360 2717 uidens
2389 2659 2673 2719 tubicines
2691 2686 2706 2702 ·

2152 2761 2212 2810 et
2239 2752 2470 2811 turbam
2498 2754 2684 2812 tumul

2152 2854 2413 2905 tuantem
2490 2846 2721 2908 dicebat
2741 2885 2754 2900 ·

2153 2935 2454 2998 ²⁴recedite
2474 2964 2489 2980 ·
2546 2959 2670 3001 non

2152 3045 2244 3093 est
2269 3034 2427 3092 enim
2456 3045 2684 3095 mortua

2151 3127 2344 3204 puella
2370 3127 2473 3187 sed
2501 3128 2610 3187 dor

2151 3222 2256 3278 mit
2329 3231 2388 3280 et
2419 3221 2613 3280 deride

2150 3316 2292 3374 bant
2318 3333 2454 3374 eum
2526 3312 2656 3374 ”Et
2684 3333 2804 3377 cu*

2146 3409 2299 3468 eicta
2322 3419 2474 3469 esset
2499 3411 2666 3470 turba
2684 3437 2698 3451 ·

2148 3503 2312 3561 uenit
2334 3512 2392 3561 et
2421 3504 2602 3563 tenuit

2148 3613 2396 3655 manum
2424 3597 2548 3656 eius

2147 3698 2208 3748 et
2235 3690 2478 3749 surrexit
2509 3686 2644 3767 puel

2145 3784 2204 3842 la
2275 3781 2386 3842 *ἐκ
2414 3783 2551 3842 exiit
2575 3783 2731 3844 fama

2146 3877 2257 3936 hec
2285 3877 2346 3934 in
2373 3886 2556 3936 totam
2585 3886 2670 3937 ter

2146 3988 2275 4030 ram
2303 3969 2463 4028 illam
2482 4001 2496 4016 ·
2523 4002 2536 4016 ·
2559 4002 2572 4016 ·
2599 4003 2614 4018 ·

2144 4063 2278 4122 ”Et
2305 4073 2668 4124 transseunte
2697 4063 2759 4123 in

2144 4157 2219 4216 de
2252 4157 2352 4216 ihu
2369 4183 2385 4198 ·
2443 4159 2625 4218 secuti

2142 4261 2280 4312 sunt
2308 4269 2442 4310 eum
2471 4253 2590 4312 duo
2619 4249 2740 4311 ceci
2759 4281 2774 4298 ·

2146 4345 2468 4406 clamantes
2496 4355 2554 4406 et
2579 4345 2750 4406 dicen

2704 4449 2791 4498 tes

3554 396 3630 441 11

2929 565 3200 626 miserere
3229 568 3410 627 nostri

2929 659 3010 717 fili
3037 659 3212 719 dauid
3235 686 3249 700 ·
3311 661 3522 721 ”Cum

2926 753 3184 813 uenisset
3211 764 3407 814 autern

2927 846 2988 905 in
3018 846 3262 907 domum
3289 867 3432 908 acce

2925 950 3123 1000 serunt
3142 941 3219 1000 ad
3246 960 3382 1001 eum

2926 1034 3050 1093 ceci
3072 1070 3085 1084 ·
3143 1045 3202 1094 et
3230 1036 3374 1095 dixit
3403 1036 3512 1096 illis

2923 1127 3013 1186 ihs
3031 1154 3044 1167 ·
3109 1129 3338 1188 creditis
3365 1131 3514 1206 qu⁰d

2922 1218 3038 1280 hoc
3066 1238 3307 1298 possum
3333 1221 3462 1283 sace

2922 1331 2986 1373 re
3061 1314 3262 1374 dicunt
3287 1316 3339 1374 ei
3365 1318 3448 1375 uti

2923 1425 3036 1485 que
3064 1410 3180 1468 dne
3199 1436 3212 1450 ·
3273 1409 3506 1472 ²”Tunc

2921 1502 3102 1579 tetigit
3127 1503 3332 1563 oculos
3358 1522 3432 1565 eo

2920 1614 3050 1655 rum
3077 1597 3282 1686 dicens
3355 1616 3420 1657 se

2919 1690 3177 1750 cundum
3204 1691 3384 1751 fidem

2915 1794 3168 1844 uestram
3198 1786 3297 1845 fiat
3321 1784 3490 1847 uobis
3507 1818 3520 1833 ·

2917 1877 3048 1937 ⁸⁰Et
3076 1880 3256 1955 aperti
3283 1890 3418 1940 sunt
3442 1899 3559 1942 ocu

2916 1972 2956 2030 li
2985 1991 3188 2032 eorum
3207 1998 3222 2014 ·
3287 1973 3366 2033 Et
3394 1993 3532 2035 com

2915 2067 3248 2126 minatus⁰st
3273 2067 3384 2126 illis
3411 2068 3502 2127 ihs

2911 2160 3113 2220 dicens
3184 2161 3378 2221 uidete

2912 2272 3088 2313 nemo
3117 2254 3260 2314 sciat
3283 2286 3294 2299 ·
3316 2287 3329 2301 ·
3391 2255 3525 2315 ⁸¹i11i

2911 2358 3106 2407 autem
3131 2359 3410 2409 exeuntes

2909 2575 3356 2635 diffamauerunt
3383 2581 3456 2636 esi

2911 2671 2974 2728 in
3001 2679 3122 2730 tota
3149 2680 3298 2730 terra
3326 2671 3424 2730 illa
3443 2695 3458 2712 ·

2909 2761 3228 2840 ⁸²Egressis
3249 2774 3442 2823 autem
3463 2765 3573 2826 illis
3593 2791 3608 2810 ·

2907 2855 3068 2916 Ecce
3095 2857 3429 2934 optulerunt
3454 2861 3508 2919 ei

2906 2949 3205 3011 hominem
3226 2978 3239 2992 ·
3299 2962 3571 3012 mutim--

2905 3053 2965 3102 et
2991 3045 3231 3103 surdum
3259 3045 3473 3106 daemo

2905 3156 3043 3196 nem
3072 3139 3383 3198 habentem
3402 3171 3416 3186 ·

3672 579 3804 627 1⁸01.
3825 578 3913 628 21.

2903 3231 3033 3290 ⁸⁸Et
3059 3233 3244 3294 eiecto
3271 3234 3561 3295 daemone
3646 3271 3660 3276 -

2905 3326 3132 3386 locutus
3158 3339 3246 3387 est
3271 3340 3464 3388 mutus
3486 3353 3501 3368 ·

2908 3431 2966 3479 et
2993 3422 3233 3480 miratae
3264 3434 3398 3482 sunt
3425 3435 3516 3483 tur

2905 3515 3016 3574 bae
3043 3515 3299 3575 dicentes
3318 3543 3331 3556 ·

2907 3626 3230 3685 numquam
3259 3610 3343 3670 sic
3371 3629 3449 3687 pa

2907 3702 3018 3760 ruit
3047 3703 3108 3760 in
3136 3703 3241 3761 isl·
3301 3703 3485 3763 ⁸⁴Pha

2903 3796 3036 3858 risei
3057 3805 3250 3855 autem
3279 3797 3550 3857 dicebant
3571 3829 3586 3846 ·

2902 3889 2964 3948 in
2993 3891 3255 3967 principe
3283 3886 3489 3949 demo'

2901 3984 3132 4043 niorum
3199 3985 3332 4044 eicit
3359 3985 3454 4044 hic

2900 4076 3219 4138 daemones
3242 4104 3256 4118 ·
3283 4105 3296 4119 ·
3321 4105 3336 4120 ·
3359 4104 3442 4128 m

2867 4168 3030 4228 *³⁸Et
3058 4172 3335 4232 circuibat
3361 4173 3454 4232 ihs

2862 4261 3150 4325 ¹‘'ciuitates
3175 4283 3384 4326 omnes
3407 4299 3421 4312 ·

2901 4367 2960 4418 et
2987 4359 3224 4420 castella
3251 4359 3474 4418 docens

3215 4521 3326 4562 C2
