4373 5048
302 554 430 603 rot.
444 555 536 607 76.

578 378 790 432 xxvn.
820 376 1033 441 10-38.]

577 534 725 593 sicut
752 534 1047 594 constituit

576 629 718 687 mihi
747 628 859 688 dfis
879 660 893 675 ·
919 660 934 675 ·
995 626 1160 687 ²¹1hs

575 733 771 781 autem
802 723 953 781 stetit
980 741 1060 782 an

574 825 631 875 te
660 815 952 892 presidem
976 846 990 861 ·

574 908 654 967 Et
680 908 1055 984 interrogauit

575 1019 712 1062 eum
739 1019 937 1078 preses
965 1002 1023 1060 di

576 1112 718 1155 cens
736 1126 751 1141 ·
795 1104 858 1154 t'u
884 1113 947 1154 es
976 1114 1077 1155 rex

574 1189 875 1249 iudeorum
896 1221 910 1236 ·
954 1189 1012 1248 di

576 1282 653 1341 cit
681 1283 733 1341 ei
761 1281 850 1340 ihs
877 1292 941 1341 tu
967 1282 1115 1341 dixis

575 1376 616 1434 ti
634 1406 649 1423 ·
711 1374 758 1410 ¹²
772 1385 831 1435 et
858 1394 992 1435 cum
1020 1394 1197 1435 accus

573 1478 793 1529 saretur
821 1488 855 1527 a
883 1469 1013 1545 prin

574 1563 797 1640 cipibus
825 1563 1068 1622 sacerdo

572 1666 697 1716 tum
723 1666 783 1716 et
810 1656 1022 1716 seniori

572 1752 683 1809 bus
710 1749 849 1807 nihil
877 1760 1084 1826 resp0n

570 1844 781 1904 debat·
844 1843 885 1876 ¹⁸
903 1843 1077 1903 Tunc
1106 1842 1167 1903 di

573 1938 651 1996 cit
676 1937 753 1995 illi
781 1937 989 2014 pilatus
1012 1968 1027 1983 ·

571 2030 713 2092 Non
740 2030 903 2090 audis
930 2041 1148 2107 quanta

570 2125 848 2185 aduersus
875 2135 932 2184 te
961 2126 1019 2184 di

570 2230 711 2278 cunt
738 2220 1063 2280 testimonia
1088 2251 1101 2267 ·

569 2312 614 2346 ¹⁴
628 2312 706 2370 Et
735 2331 856 2373 non
882 2313 1181 2389 respondit

568 2404 648 2464 illi
674 2405 855 2464 ullum
881 2408 1065 2465 uerbi!
1090 2438 1103 2453 ·

570 2537 660 2596 Ita
688 2547 751 2596 ut
778 2537 1076 2595 miraretur

571 2647 769 2707 preses
796 2630 1083 2688 uehemen

568 2734 656 2786 ter
674 2767 687 2781 .
730 2723 775 2757 ¹⁶
792 2723 903 2781 Per
931 2723 1085 2782 diem

568 2827 765 2876 autem
792 2815 1074 2876 sollemne

567 2919 947 2970 consueuerat
973 2927 1077 2986 pre

567 3021 661 3062 ses
689 3003 969 3062 dimittere
998 3022 1077 3081 po

564 3097 706 3174 pulo
758 3115 942 3156 unum
970 3099 1105 3157 uine

566 3201 690 3250 tum
716 3209 893 3268 quem
918 3191 1104 3252 uoluis

567 3294 695 3344 sent
714 3316 727 3330 ·
792 3284 836 3318 ²⁸
854 3282 1157 3345 Habebam

566 3388 760 3446 autem
788 3389 924 3438 tunc
953 3380 1087 3440 uine

565 3481 689 3532 tum
715 3473 1003 3549 insignem
1022 3501 1035 3514 ·

565 3566 666 3642 qui
694 3565 991 3625 dicebatur
1018 3569 1202 3628 barab

564 3660 672 3718 bas
694 3690 709 3706 ·
771 3658 815 3694 ¹⁷
832 3679 1127 3738 congrega

563 3753 637 3811 tis
666 3763 861 3812 autem
888 3753 1000 3813 illis

566 3846 713 3906 dixit
741 3846 949 3922 pilatus
973 3879 988 3894 ·
1018 3858 1182 3926 que-

563 3939 733 3998 uuln's
754 3938 1040 3999 dimittam

563 4034 731 4094 uobis
754 4065 768 4079 ·
811 4035 1113 4094 barabban

562 4145 642 4184 an
668 4127 791 4186 ihm
819 4129 917 4204 qui
946 4128 1149 4188 dicitur

562 4225 676 4296 xps
700 4251 713 4266 ·
777 4219 821 4254 ¹⁸
838 4221 1058 4280 sciebat
1084 4229 1182 4282 eni

563 4314 721 4390 quod
749 4333 853 4390 per
872 4316 1141 4375 inuidia-

560 4406 916 4469 tradiderunt
940 4421 1063 4468 eu*
1080 4441 1094 4458 ·

1769 368 1907 431 MA
1924 358 2246 431 TTHECJ‘
2258 402 2274 417 ·

1335 532 1378 566 ¹⁹
1397 530 1643 592 Sedente
1671 544 1865 593 autem
1892 535 1992 595 illo

1333 645 1441 703 pro
1468 627 1736 687 tribunali
1761 658 1774 674 ·

1332 718 1494 779 Misit
1520 722 1597 780 ad
1624 740 1759 781 eum
1786 739 1933 783 uxor

1329 814 1451 872 eius
1480 814 1683 874 dicens
1703 847 1717 862 ·
1762 812 1904 874 nihil

1329 908 1401 966 sit
1433 908 1537 966 tibi
1570 918 1630 967 et
1656 910 1807 969 iusto
1840 910 1920 968 illi
1943 941 1958 957 ·

1330 1000 1519 1061 Multa
1544 1004 1703 1061 enim
1729 1021 1903 1079 passa
1931 1010 2001 1065 sii

1325 1094 1499 1155 hodie
1528 1112 1632 1172 per
1657 1098 1863 1159 uisu--

1326 1200 1561 1266 propter
1587 1208 1723 1249 eum
1746 1221 1761 1236 ·

1323 1280 1371 1314 '⁰
1384 1281 1663 1361 Princeps
1690 1295 1883 1344 autem

1326 1376 1694 1438 sacerdotum
1724 1388 1783 1437 et

1326 1472 1579 1531 seniores
1609 1504 1622 1519 ·
1666 1490 1838 1548 persu

1325 1574 1559 1623 aserunt
1585 1565 1807 1642 populu
1826 1597 1841 1614 ·

1324 1668 1389 1717 ut
1414 1668 1675 1734 peterent
1704 1660 1884 1719 barab

1324 1752 1444 1811 ban
1466 1783 1481 1798 ·
1524 1752 1647 1810 ihm
1673 1771 1815 1813 uero

1322 1846 1629 1923 perderent
1650 1878 1665 1893 ·
1690 1878 1703 1893 ·
1764 1846 1807 1883 ⁸¹
1824 1847 1945 1908 Res

1323 1940 1594 2018 pondens
1624 1952 1817 2000 autem

1320 2052 1518 2111 preses
1545 2034 1629 2092 dit
1653 2034 1760 2095 illis
1782 2066 1798 2081 ·

1322 2127 1520 2200 Quem
1546 2128 1719 2187 uultis
1746 2129 1819 2189 de
1847 2130 1927 2189 du

1320 2223 1468 2282 obus
1495 2222 1779 2281 dimittam
1805 2242 1885 2284 uo

1320 2315 1408 2374 bis
1426 2346 1441 2361 ·
1486 2325 1545 2374 at
1570 2315 1649 2373 illi
1676 2316 1944 2378 dixerunt

1318 2407 1619 2467 barabban
1642 2415 1656 2479 ξ
1702 2408 1892 2470 ”dicit
1914 2411 2019 2470 illis

1318 2539 1527 2617 pilatus
1597 2541 1735 2618 quid
1764 2561 1855 2606 er.

1319 2651 1398 2710 go
1424 2632 1701 2693 faciemus
1728 2635 1849 2694 ihm

1319 2727 1421 2803 qui
1448 2727 1651 2786 dicitur
1680 2733 1793 2805 xps
1812 2761 1826 2776 ·

1320 2819 1539 2879 Dicunt
1565 2839 1773 2882 omnes
1801 2841 1905 2881 cru

1319 2914 1581 2990 cifigatur
1599 2946 1614 2961 ·
1657 2915 1702 2950 ²³
1718 2916 1819 2976 Ait
1846 2917 1954 2976 illis

1318 3025 1515 3084 preses
1544 3009 1681 3084 quid
1710 3010 1857 3068 eni*

1318 3100 1470 3160 male
1497 3101 1633 3161 fecit
1659 3135 1673 3150 ·
1727 3113 1787 3162 at
1813 3103 1893 3163 illi

1316 3195 1502 3271 magis
1530 3194 1863 3257 clamabant

1316 3288 1573 3348 dicentes
1601 3291 1799 3350 crucifi

1315 3393 1482 3458 gatur
1506 3414 1520 3429 ·
1578 3379 1621 3418 ²⁴
1637 3382 1863 3446 Uidens

1315 3486 1509 3535 autem
1536 3478 1743 3553 pilatus
1761 3511 1775 3526 -

1314 3575 1495 3647 qiiBm
1526 3571 1667 3630 nihil
1693 3574 1842 3649 profi

1314 3665 1392 3723 cit
1420 3664 1524 3722 sed
1551 3667 1739 3743 magis
1768 3677 1829 3727 tu

1312 3757 1558 3816 multum
1589 3759 1711 3819 fieri
1731 3792 1745 3807 ·

1313 3849 1575 3928 Accepta
1596 3869 1748 3931 aqua
1774 3852 1911 3914 lauit

1312 3959 1524 4003 manus
1554 3962 1754 4005 coram
1781 3966 1861 4024 po

1311 4037 1450 4113 pulo
1478 4037 1677 4098 dicens
1772 4041 1914 4102 inno

1312 4149 1453 4190 cens
1480 4149 1593 4208 ego
1622 4150 1751 4192 sum
1780 4153 1815 4194 a

1312 4225 1591 4300 sanguine
1618 4225 1749 4285 iusti

1310 4317 1478 4377 huius
1504 4337 1611 4378 uos
1639 4321 1817 4380 uideri

1309 4413 1380 4470 tis
1403 4444 1417 4459 ·
1474 4413 1593 4472 ”et
1616 4415 1977 4492 respondens

2134 538 2405 597 uniuersa
2431 538 2598 596 turba

2135 631 2278 691 dixit
2300 662 2314 677 ·
2361 630 2610 708 Sanguis

2132 726 2256 785 eius
2284 743 2455 802 super
2482 744 2592 786 nos

2132 828 2193 880 et
2221 838 2395 897 super
2425 820 2574 878 filios

2134 922 2366 973 nostros
2390 945 2405 960 ·
2463 911 2506 947 ¹⁸
2523 924 2662 973 tunc

2133 1006 2347 1065 dimisit
2373 1006 2480 1065 illis
2507 1008 2614 1065 bar

2132 1100 2328 1159 abban
2351 1132 2366 1147 ·
2412 1100 2546 1159 Ihm
2573 1118 2650 1160 au

2131 1204 2250 1253 tem
2279 1194 2519 1271 flagellis
2546 1212 2652 1254 cae

2132 1305 2264 1346 sum
2291 1288 2526 1346 tradidit
2554 1298 2617 1347 ut

2129 1381 2557 1457 crucifigeretur
2578 1412 2592 1427 ·
2617 1412 2632 1428 ·

2129 1471 2173 1507 ²⁷
2195 1474 2368 1543 Tunc
2397 1475 2604 1535 milites
2631 1493 2734 1553 pre

2130 1569 2271 1629 sidis
2299 1588 2541 1645 suscepe

2129 1673 2264 1722 runt
2289 1680 2425 1722 eum
2451 1659 2504 1705 ¹¹²
2531 1672 2696 1741 preto

2128 1758 2217 1816 rio
2240 1788 2254 1803 ·
2298 1766 2356 1815 et
2383 1775 2603 1834 congre

2127 1860 2412 1927 gauerunt
2437 1850 2512 1909 ad
2539 1856 2614 1909 eii

2126 1954 2310 2005 totam
2338 1944 2628 2005 cohorte*
2649 1976 2664 1993 ·

2126 2036 2170 2072 ²³
2186 2038 2263 2097 Et
2288 2038 2597 2098 induerunt
2622 2044 2698 2099 eii

2124 2132 2436 2192 clamidem
2463 2134 2626 2193 cocci

2124 2244 2300 2286 neam
2323 2258 2338 2273 ·
2382 2227 2600 2285 circum

2124 2320 2407 2379 dederunt
2434 2338 2569 2379 eum

2122 2423 2180 2472 et
2207 2432 2522 2491 purpurem

2122 2539 2166 2575 ²⁸
2182 2540 2261 2599 Et
2288 2560 2567 2602 coronam
2595 2543 2670 2603 de

2123 2637 2304 2712 spinis
2330 2653 2518 2712 posue

2120 2739 2256 2787 runt
2283 2747 2454 2806 super
2482 2748 2555 2791 ca

2122 2823 2244 2900 pud
2270 2824 2394 2882 eius
2415 2854 2430 2870 ·
2475 2835 2533 2883 et
2561 2823 2637 2884 ha

2120 2917 2430 2976 rundinem
2457 2918 2518 2976 in
2545 2917 2658 2978 dex

2120 3015 2208 3069 tra
2235 3012 2358 3070 eius
2381 3042 2396 3058 ·
2438 3011 2517 3071 Et
2543 3012 2622 3071 ad

2118 3105 2430 3180 geniculan

2118 3209 2206 3259 tes
2233 3217 2294 3256 se
2323 3209 2456 3259 ante
2483 3217 2620 3258 eum
2644 3231 2658 3248 ·

2118 3291 2470 3352 deludebant
2496 3304 2621 3353 eu-

2118 3385 2375 3446 dicentes
2396 3418 2411 3434 ·
2455 3387 2640 3448 hauae

2117 3499 2220 3539 rex
2247 3481 2549 3542 iudeorum
2573 3513 2588 3530 ·

2116 3575 2163 3608 ⁸⁰
2178 3574 2254 3635 Et
2281 3586 2600 3652 expuentes
2631 3577 2696 3636 in

2116 3687 2253 3728 eum
2275 3701 2290 3716 ·
2333 3681 2686 3747 acceperunt

2116 3762 2502 3822 harundinem

2116 3855 2193 3915 Et
2220 3858 2619 3933 percutiebant

2116 3951 2308 4026 capud
2335 3951 2458 4010 eius
2477 3983 2490 3998 ·
2551 3951 2594 3986 ⁸¹
2614 3950 2692 4012 Et

2114 4055 2426 4121 postquam
2452 4044 2576 4103 inlu

2114 4149 2313 4196 serunt
2339 4156 2473 4196 eum
2497 4169 2512 4186 ·
2561 4139 2650 4200 dis

2112 4231 2475 4306 poliauerunt
2501 4245 2625 4292 eu·-

2112 4333 2169 4383 et
2197 4324 2506 4385 clamidem
2547 4325 2624 4386 Et

2110 4417 2420 4479 induerunt
2446 4425 2520 4480 eii

3503 387 3587 453 39

2886 535 3232 595 uestimenta
3259 535 3381 595 eius

2885 628 2965 688 Et
2991 630 3279 689 duxerunt
3304 648 3439 689 eum

2886 734 2950 783 ut
2977 724 3378 801 crucifigerent
3400 756 3415 771 ·

2885 815 2932 850 ⁸²
2948 816 3244 878 Exeuntes
3272 828 3466 878 autem

2885 911 3232 970 inuenerunt
3261 912 3338 970 ho

2886 1004 3106 1063 minem
3135 1010 3386 1081 cyreneii

2887 1097 3123 1156 nomine
3153 1098 3379 1157 simone

2887 1188 3070 1249 Hunc
3100 1191 3411 1267 angariaue

2887 1291 3021 1341 runt
3049 1293 3113 1343 ut
3137 1283 3274 1344 tolle

2886 1385 2974 1434 ret
3001 1394 3234 1435 crucem
3261 1378 3383 1436 eius

2886 1468 2931 1501 ⁸⁸
2946 1469 3024 1529 Et
3047 1482 3333 1530 uenerunt
3356 1472 3419 1530 in
3445 1471 3504 1533 lo

2885 1579 3022 1623 cum
3049 1564 3149 1640 qui
3176 1563 3382 1623 dicitur

2883 1655 3162 1732 golgotha
3189 1657 3348 1732 quod

2884 1759 2974 1807 est
2999 1748 3285 1808 caluariae
3312 1749 3372 1811 lo

2883 1860 2988 1901 cus
3010 1874 3026 1889 ·
3089 1842 3134 1875 ⁸⁴
3149 1842 3228 1902 Et
3255 1843 3540 1906 dederunt

2879 1935 2933 1995 ei
2960 1936 3157 1995 bibere
3177 1948 3397 1997 acetu'

2879 2028 3008 2089 felle
3037 2031 3286 2091 mixtum
3311 2062 3326 2079 ·

2875 2120 2955 2182 Et
2981 2142 3119 2182 cum
3144 2136 3430 2202 gustasset

2874 2215 3058 2276 noluit
3083 2218 3278 2279 bibere
3301 2251 3314 2267 ·
3335 2252 3350 2267 ·

2874 2308 2920 2343 ⁸⁸
2937 2309 3256 2390 Postquam
3283 2324 3480 2375 autem

2873 2406 3280 2467 crucifixerunt

2873 2553 3010 2594 eum
3029 2567 3042 2583 ·
3087 2537 3403 2600 diuiserunt

2873 2629 2982 2688 sibi
3009 2633 3356 2693 uestimenta

2872 2721 2995 2782 eius
3022 2734 3236 2784 sortem
3262 2727 3369 2786 mit

2872 2825 3060 2876 tentes
3080 2849 3095 2864 ·
3139 2829 3204 2878 ut
3230 2820 3407 2897 imple

2870 2921 3025 2970 retur
3053 2912 3212 2988 quod
3241 2913 3333 2973 dic

2871 3014 2996 3064 tum
3025 3015 3112 3064 est
3138 3025 3242 3083 per
3268 3026 3376 3084 pro

2873 3097 3049 3157 fetam
3073 3131 3087 3145 -
3135 3099 3336 3161 Diuise

2872 3202 3009 3252 runt
3038 3195 3326 3255 uestimen

2874 3295 2931 3344 ta
2959 3304 3090 3346 mea
3117 3288 3228 3347 sibi
3253 3300 3313 3349 et
3337 3308 3407 3352 su

2869 3398 2974 3457 per
2999 3392 3224 3442 uestem
3252 3396 3434 3446 mea-

2868 3475 3148 3536 miserunt
3167 3488 3368 3538 sorte*
3389 3510 3404 3526 ·

2867 3567 2912 3601 ⁸⁰
2929 3568 3007 3627 Et
3032 3569 3299 3630 sedentes
3327 3591 3496 3634 serua

2867 3661 3010 3720 bant
3035 3681 3173 3722 eum
3197 3695 3212 3710 ·
3271 3665 3316 3699 ⁸⁷
3331 3677 3389 3726 et
3415 3668 3476 3727 in

2866 3768 3182 3832 posuerunt
3207 3776 3278 3818 su

2865 3866 2970 3925 per
2998 3850 3189 3928 capud
3215 3853 3340 3914 eius

2864 3971 3106 4014 causam
3185 3958 3310 4018 eius
3339 3961 3490 4039 scrip

2863 4055 2986 4106 tam
3008 4079 3022 4096 ·
3065 4049 3159 4110 hic
3187 4062 3274 4112 est
3298 4071 3404 4113 rex

2860 4141 3162 4203 iudeorum
3186 4176 3201 4192 ·

2861 4234 2907 4268 ⁸⁸
2925 4234 3098 4298 Tunc
3126 4241 3428 4303 crucifixse

2861 4339 2997 4389 runt
3023 4347 3158 4390 cum
3185 4352 3258 4394 eo

2862 4421 2982 4482 duo
3007 4422 3260 4486 latrones

3615 546 3740 595 1¹01.
3753 546 3840 597 77.
3939 564 3942 567 ⁴
