<?xml version="1.0" encoding="UTF-8"?>
<!DOCTYPE html PUBLIC "-//W3C//DTD XHTML 1.0 Transitional//EN"
    "http://www.w3.org/TR/xhtml1/DTD/xhtml1-transitional.dtd">
<html xmlns="http://www.w3.org/1999/xhtml" xml:lang="en" lang="en">
 <head>
  <title>
</title>
<meta http-equiv="Content-Type" content="text/html;charset=utf-8" />
  <meta name='ocr-system' content='tesseract 3.04.00' />
  <meta name='ocr-capabilities' content='ocr_page ocr_carea ocr_par ocr_line ocrx_word'/>
</head>
<body>
  <div class='ocr_page' id='page_1' title='image "./fourgospelsfrom00wordgoog_0138.png"; bbox 0 0 4373 5048; ppageno 0'>
   <div class='ocr_carea' id='block_1_1' title="bbox 448 523 691 575">
    <p class='ocr_par' dir='ltr' id='par_1_1' title="bbox 448 523 691 575">
     <span class='ocr_line' id='line_1_1' title="bbox 448 523 691 575; baseline 0.004 -3"><span class='ocrx_word' id='word_1_1' title='bbox 448 523 575 575; x_wconf 78' lang='lat'><strong>1¹01.</strong></span> <span class='ocrx_word' id='word_1_2' title='bbox 594 525 691 574; x_wconf 75' lang='lat'><strong>80.</strong></span> 
     </span>
    </p>
   </div>
   <div class='ocr_carea' id='block_1_2' title="bbox 752 332 837 411">
    <p class='ocr_par' dir='ltr' id='par_1_2' title="bbox 752 332 837 411">
     <span class='ocr_line' id='line_1_2' title="bbox 752 332 837 411; baseline 0 -14"><span class='ocrx_word' id='word_1_3' title='bbox 752 332 837 411; x_wconf 87' lang='lat'><strong>76</strong></span> 
     </span>
    </p>
   </div>
   <div class='ocr_carea' id='block_1_3' title="bbox 737 511 1446 2353">
    <p class='ocr_par' dir='ltr' id='par_1_3' title="bbox 742 511 1446 1226">
     <span class='ocr_line' id='line_1_3' title="bbox 750 511 1357 590; baseline -0.002 -20"><span class='ocrx_word' id='word_1_4' title='bbox 750 528 929 590; x_wconf 88' lang='lat' dir='ltr'><strong>quam</strong></span> <span class='ocrx_word' id='word_1_5' title='bbox 958 511 1019 569; x_wconf 91' lang='lat' dir='ltr'><strong>in</strong></span> <span class='ocrx_word' id='word_1_6' title='bbox 1044 519 1213 569; x_wconf 91' lang='lat' dir='ltr'><strong>utero</strong></span> <span class='ocrx_word' id='word_1_7' title='bbox 1240 526 1357 569; x_wconf 90' lang='lat' dir='ltr'><strong>con</strong></span> 
     </span>
     <span class='ocr_line' id='line_1_4' title="bbox 750 602 1426 683; baseline -0.004 -17"><span class='ocrx_word' id='word_1_8' title='bbox 750 605 1041 683; x_wconf 91' lang='lat' dir='ltr'><strong>ciperetur</strong></span> <span class='ocrx_word' id='word_1_9' title='bbox 1060 636 1075 651; x_wconf 92' lang='lat'><strong>·</strong></span> <span class='ocrx_word' id='word_1_10' title='bbox 1120 602 1259 663; x_wconf 74' lang='lat' dir='ltr'><strong>”Et</strong></span> <span class='ocrx_word' id='word_1_11' title='bbox 1286 612 1426 681; x_wconf 91' lang='lat' dir='ltr'><strong>post</strong></span> 
     </span>
     <span class='ocr_line' id='line_1_5' title="bbox 750 698 1342 778; baseline 0.002 -22"><span class='ocrx_word' id='word_1_12' title='bbox 750 718 929 778; x_wconf 88' lang='lat' dir='ltr'><strong>quam</strong></span> <span class='ocrx_word' id='word_1_13' title='bbox 955 698 1179 775; x_wconf 90' lang='lat' dir='ltr'><strong>impleti</strong></span> <span class='ocrx_word' id='word_1_14' title='bbox 1206 707 1342 757; x_wconf 88' lang='lat' dir='ltr'><strong>sunt</strong></span> 
     </span>
     <span class='ocr_line' id='line_1_6' title="bbox 749 792 1269 871; baseline -0.004 -19"><span class='ocrx_word' id='word_1_15' title='bbox 749 793 874 852; x_wconf 87' lang='lat' dir='ltr'><strong>dies</strong></span> <span class='ocrx_word' id='word_1_16' title='bbox 906 792 1269 871; x_wconf 87' lang='lat' dir='ltr'>purgationis</span> 
     </span>
     <span class='ocr_line' id='line_1_7' title="bbox 749 886 1299 945; baseline -0.002 0"><span class='ocrx_word' id='word_1_17' title='bbox 749 903 955 945; x_wconf 91' lang='lat' dir='ltr'><strong>eorum</strong></span> <span class='ocrx_word' id='word_1_18' title='bbox 984 886 1299 945; x_wconf 66' lang='lat' dir='ltr'><strong>secundu-</strong></span> 
     </span>
     <span class='ocr_line' id='line_1_8' title="bbox 747 978 1359 1056; baseline -0.003 -17"><span class='ocrx_word' id='word_1_19' title='bbox 747 979 941 1056; x_wconf 90' lang='lat' dir='ltr'><strong>legem</strong></span> <span class='ocrx_word' id='word_1_20' title='bbox 968 980 1157 1056; x_wconf 88' lang='lat' dir='ltr'>moysi</span> <span class='ocrx_word' id='word_1_21' title='bbox 1180 1010 1193 1025; x_wconf 94' lang='lat'><strong>·</strong></span> <span class='ocrx_word' id='word_1_22' title='bbox 1242 978 1359 1037; x_wconf 87' lang='lat' dir='ltr'><strong>tule</strong></span> 
     </span>
     <span class='ocr_line' id='line_1_9' title="bbox 744 1070 1446 1133; baseline 0 -1"><span class='ocrx_word' id='word_1_23' title='bbox 744 1083 879 1133; x_wconf 89' lang='lat' dir='ltr'><strong>runt</strong></span> <span class='ocrx_word' id='word_1_24' title='bbox 907 1070 1000 1121; x_wconf 72' lang='lat' dir='ltr'><strong>illu</strong></span> <span class='ocrx_word' id='word_1_25' title='bbox 1026 1074 1089 1131; x_wconf 91' lang='lat' dir='ltr'><strong>in</strong></span> <span class='ocrx_word' id='word_1_26' title='bbox 1114 1072 1397 1132; x_wconf 69' lang='lat' dir='ltr'><strong>hierusale</strong></span> <span class='ocrx_word' id='word_1_27' title='bbox 1431 1104 1446 1119; x_wconf 93' lang='lat'><strong>·</strong></span> 
     </span>
     <span class='ocr_line' id='line_1_10' title="bbox 742 1166 1271 1226; baseline 0 -1"><span class='ocrx_word' id='word_1_28' title='bbox 742 1176 810 1225; x_wconf 90' lang='lat' dir='ltr'><strong>ut</strong></span> <span class='ocrx_word' id='word_1_29' title='bbox 838 1184 973 1226; x_wconf 90' lang='lat' dir='ltr'><strong>eum</strong></span> <span class='ocrx_word' id='word_1_30' title='bbox 1004 1166 1271 1226; x_wconf 86' lang='lat' dir='ltr'>sisterent</span> 
     </span>
    </p>

    <p class='ocr_par' dir='ltr' id='par_1_4' title="bbox 737 1256 1406 2353">
     <span class='ocr_line' id='line_1_11' title="bbox 745 1256 1343 1338; baseline -0.003 -17"><span class='ocrx_word' id='word_1_31' title='bbox 745 1261 869 1321; x_wconf 78' lang='lat' dir='ltr'><strong>dfio</strong></span> <span class='ocrx_word' id='word_1_32' title='bbox 892 1291 907 1307; x_wconf 91' lang='lat'><strong>·</strong></span> <span class='ocrx_word' id='word_1_33' title='bbox 950 1256 995 1294; x_wconf 77' lang='lat'><strong>⁸³</strong></span> <span class='ocrx_word' id='word_1_34' title='bbox 1012 1261 1161 1320; x_wconf 88' lang='lat' dir='ltr'><strong>sicut</strong></span> <span class='ocrx_word' id='word_1_35' title='bbox 1188 1260 1343 1338; x_wconf 82' lang='lat' dir='ltr'><strong>scrip</strong></span> 
     </span>
     <span class='ocr_line' id='line_1_12' title="bbox 744 1354 1399 1431; baseline -0.002 -17"><span class='ocrx_word' id='word_1_36' title='bbox 744 1364 872 1414; x_wconf 89' lang='lat' dir='ltr'><strong>tum</strong></span> <span class='ocrx_word' id='word_1_37' title='bbox 900 1364 989 1413; x_wconf 91' lang='lat' dir='ltr'><strong>est</strong></span> <span class='ocrx_word' id='word_1_38' title='bbox 1016 1355 1077 1413; x_wconf 89' lang='lat' dir='ltr'><strong>in</strong></span> <span class='ocrx_word' id='word_1_39' title='bbox 1104 1355 1235 1431; x_wconf 88' lang='lat' dir='ltr'><strong>lege</strong></span> <span class='ocrx_word' id='word_1_40' title='bbox 1262 1354 1363 1413; x_wconf 78' lang='lat' dir='ltr'><strong>dni</strong></span> <span class='ocrx_word' id='word_1_41' title='bbox 1382 1385 1399 1401; x_wconf 91' lang='lat'><strong>·</strong></span> 
     </span>
     <span class='ocr_line' id='line_1_13' title="bbox 747 1446 1351 1522; baseline 0.003 -16"><span class='ocrx_word' id='word_1_42' title='bbox 747 1446 903 1522; x_wconf 85' lang='lat' dir='ltr'><strong>Quia</strong></span> <span class='ocrx_word' id='word_1_43' title='bbox 930 1466 1113 1507; x_wconf 90' lang='lat' dir='ltr'><strong>omne</strong></span> <span class='ocrx_word' id='word_1_44' title='bbox 1145 1466 1351 1508; x_wconf 90' lang='lat' dir='ltr'><strong>mascu</strong></span> 
     </span>
     <span class='ocr_line' id='line_1_14' title="bbox 745 1542 1245 1620; baseline 0 -19"><span class='ocrx_word' id='word_1_45' title='bbox 745 1543 868 1601; x_wconf 89' lang='lat' dir='ltr'><strong>lum</strong></span> <span class='ocrx_word' id='word_1_46' title='bbox 897 1542 1245 1620; x_wconf 88' lang='lat' dir='ltr'><strong>adaperiens</strong></span> 
     </span>
     <span class='ocr_line' id='line_1_15' title="bbox 743 1636 1288 1695; baseline -0.002 0"><span class='ocrx_word' id='word_1_47' title='bbox 743 1636 982 1695; x_wconf 90' lang='lat' dir='ltr'><strong>uuluam</strong></span> <span class='ocrx_word' id='word_1_48' title='bbox 1011 1644 1138 1695; x_wconf 68' lang='lat' dir='ltr'><strong>scm</strong></span> <span class='ocrx_word' id='word_1_49' title='bbox 1167 1636 1288 1695; x_wconf 74' lang='lat' dir='ltr'><strong>dfio</strong></span> 
     </span>
     <span class='ocr_line' id='line_1_16' title="bbox 743 1730 1363 1790; baseline 0.002 -2"><span class='ocrx_word' id='word_1_50' title='bbox 743 1730 1049 1790; x_wconf 88' lang='lat' dir='ltr'><strong>uocabitur</strong></span> <span class='ocrx_word' id='word_1_51' title='bbox 1070 1762 1086 1777; x_wconf 90' lang='lat'><strong>·</strong></span> <span class='ocrx_word' id='word_1_52' title='bbox 1130 1730 1173 1763; x_wconf 75' lang='lat'><strong>²⁴</strong></span> <span class='ocrx_word' id='word_1_53' title='bbox 1191 1730 1269 1789; x_wconf 90' lang='lat' dir='ltr'><strong>Et</strong></span> <span class='ocrx_word' id='word_1_54' title='bbox 1296 1740 1363 1789; x_wconf 90' lang='lat' dir='ltr'><strong>ut</strong></span> 
     </span>
     <span class='ocr_line' id='line_1_17' title="bbox 745 1822 1289 1884; baseline 0 -1"><span class='ocrx_word' id='word_1_55' title='bbox 745 1822 953 1884; x_wconf 89' lang='lat' dir='ltr'><strong>darent</strong></span> <span class='ocrx_word' id='word_1_56' title='bbox 985 1826 1193 1883; x_wconf 88' lang='lat' dir='ltr'><strong>ostiam</strong></span> <span class='ocrx_word' id='word_1_57' title='bbox 1224 1842 1289 1883; x_wconf 89' lang='lat' dir='ltr'><strong>se</strong></span> 
     </span>
     <span class='ocr_line' id='line_1_18' title="bbox 746 1915 1320 1995; baseline 0 -18"><span class='ocrx_word' id='word_1_58' title='bbox 746 1915 1006 1977; x_wconf 87' lang='lat' dir='ltr'><strong>cundum</strong></span> <span class='ocrx_word' id='word_1_59' title='bbox 1035 1916 1197 1995; x_wconf 91' lang='lat' dir='ltr'><strong>quod</strong></span> <span class='ocrx_word' id='word_1_60' title='bbox 1226 1916 1320 1977; x_wconf 92' lang='lat' dir='ltr'><strong>dic</strong></span> 
     </span>
     <span class='ocr_line' id='line_1_19' title="bbox 746 2010 1406 2087; baseline 0 -17"><span class='ocrx_word' id='word_1_61' title='bbox 746 2020 873 2070; x_wconf 89' lang='lat' dir='ltr'><strong>tum</strong></span> <span class='ocrx_word' id='word_1_62' title='bbox 902 2020 992 2070; x_wconf 90' lang='lat' dir='ltr'><strong>est</strong></span> <span class='ocrx_word' id='word_1_63' title='bbox 1018 2011 1079 2070; x_wconf 93' lang='lat' dir='ltr'><strong>in</strong></span> <span class='ocrx_word' id='word_1_64' title='bbox 1108 2010 1240 2087; x_wconf 89' lang='lat' dir='ltr'><strong>lege</strong></span> <span class='ocrx_word' id='word_1_65' title='bbox 1268 2010 1372 2070; x_wconf 77' lang='lat' dir='ltr'><strong>dni</strong></span> <span class='ocrx_word' id='word_1_66' title='bbox 1391 2042 1406 2057; x_wconf 93' lang='lat'><strong>·</strong></span> 
     </span>
     <span class='ocr_line' id='line_1_20' title="bbox 745 2102 1342 2163; baseline 0 0"><span class='ocrx_word' id='word_1_67' title='bbox 745 2102 1145 2163; x_wconf 72' lang='lat' dir='ltr'><strong>Pax-turturum</strong></span> <span class='ocrx_word' id='word_1_68' title='bbox 1168 2134 1181 2151; x_wconf 86' lang='lat'><strong>·</strong></span> <span class='ocrx_word' id='word_1_69' title='bbox 1242 2114 1342 2163; x_wconf 87' lang='lat' dir='ltr'><strong>aut</strong></span> 
     </span>
     <span class='ocr_line' id='line_1_21' title="bbox 746 2198 1286 2275; baseline 0 -18"><span class='ocrx_word' id='word_1_70' title='bbox 746 2198 900 2257; x_wconf 89' lang='lat' dir='ltr'><strong>duos</strong></span> <span class='ocrx_word' id='word_1_71' title='bbox 928 2198 1120 2275; x_wconf 88' lang='lat' dir='ltr'><strong>pullos</strong></span> <span class='ocrx_word' id='word_1_72' title='bbox 1150 2198 1286 2257; x_wconf 77' lang='lat' dir='ltr'><strong>colfi</strong></span> 
     </span>
     <span class='ocr_line' id='line_1_22' title="bbox 737 2290 1303 2353; baseline 0 -1"><span class='ocrx_word' id='word_1_73' title='bbox 737 2292 913 2352; x_wconf 91' lang='lat' dir='ltr'><strong>binos</strong></span> <span class='ocrx_word' id='word_1_74' title='bbox 933 2323 948 2338; x_wconf 93' lang='lat'><strong>·</strong></span> <span class='ocrx_word' id='word_1_75' title='bbox 992 2290 1039 2325; x_wconf 82' lang='lat'><strong>¹⁶</strong></span> <span class='ocrx_word' id='word_1_76' title='bbox 1056 2292 1135 2352; x_wconf 90' lang='lat' dir='ltr'><strong>Et</strong></span> <span class='ocrx_word' id='word_1_77' title='bbox 1164 2311 1303 2353; x_wconf 91' lang='lat' dir='ltr'><strong>ecce</strong></span> 
     </span>
    </p>
   </div>
   <div class='ocr_carea' id='block_1_4' title="bbox 739 2422 1447 4266">
    <p class='ocr_par' dir='ltr' id='par_1_5' title="bbox 739 2422 1354 2954">
     <span class='ocr_line' id='line_1_23' title="bbox 739 2422 1354 2483; baseline 0 0"><span class='ocrx_word' id='word_1_78' title='bbox 739 2431 864 2483; x_wconf 90' lang='lat' dir='ltr'><strong>erat</strong></span> <span class='ocrx_word' id='word_1_79' title='bbox 890 2422 1074 2483; x_wconf 89' lang='lat' dir='ltr'><strong>homo</strong></span> <span class='ocrx_word' id='word_1_80' title='bbox 1104 2424 1164 2481; x_wconf 91' lang='lat' dir='ltr'><strong>in</strong></span> <span class='ocrx_word' id='word_1_81' title='bbox 1192 2422 1354 2483; x_wconf 91' lang='lat' dir='ltr'><strong>hieru</strong></span> 
     </span>
     <span class='ocr_line' id='line_1_24' title="bbox 741 2516 1301 2578; baseline 0.002 -2"><span class='ocrx_word' id='word_1_82' title='bbox 741 2516 925 2577; x_wconf 88' lang='lat' dir='ltr'><strong>salem</strong></span> <span class='ocrx_word' id='word_1_83' title='bbox 956 2518 1050 2577; x_wconf 93' lang='lat' dir='ltr'><strong>cui</strong></span> <span class='ocrx_word' id='word_1_84' title='bbox 1078 2535 1301 2578; x_wconf 88' lang='lat' dir='ltr'><strong>nomen</strong></span> 
     </span>
     <span class='ocr_line' id='line_1_25' title="bbox 742 2612 1342 2690; baseline 0 -18"><span class='ocrx_word' id='word_1_85' title='bbox 742 2630 991 2690; x_wconf 81' lang='lat' dir='ltr'>symeon</span> <span class='ocrx_word' id='word_1_86' title='bbox 1013 2644 1029 2659; x_wconf 90' lang='lat'><strong>·</strong></span> <span class='ocrx_word' id='word_1_87' title='bbox 1072 2623 1130 2671; x_wconf 91' lang='lat' dir='ltr'><strong>et</strong></span> <span class='ocrx_word' id='word_1_88' title='bbox 1157 2612 1342 2672; x_wconf 89' lang='lat' dir='ltr'><strong>homo</strong></span> 
     </span>
     <span class='ocr_line' id='line_1_26' title="bbox 740 2705 1321 2767; baseline 0.002 -2"><span class='ocrx_word' id='word_1_89' title='bbox 740 2705 848 2765; x_wconf 86' lang='lat' dir='ltr'><strong>iste</strong></span> <span class='ocrx_word' id='word_1_90' title='bbox 876 2707 1061 2766; x_wconf 87' lang='lat' dir='ltr'><strong>iustus</strong></span> <span class='ocrx_word' id='word_1_91' title='bbox 1090 2715 1147 2767; x_wconf 92' lang='lat' dir='ltr'><strong>et</strong></span> <span class='ocrx_word' id='word_1_92' title='bbox 1176 2706 1321 2766; x_wconf 90' lang='lat' dir='ltr'><strong>timo</strong></span> 
     </span>
     <span class='ocr_line' id='line_1_27' title="bbox 740 2809 1300 2876; baseline -0.002 -16"><span class='ocrx_word' id='word_1_93' title='bbox 740 2810 899 2860; x_wconf 82' lang='lat' dir='ltr'><strong>ratus</strong></span> <span class='ocrx_word' id='word_1_94' title='bbox 980 2809 1300 2876; x_wconf 89' lang='lat' dir='ltr'><strong>expectans</strong></span> 
     </span>
     <span class='ocr_line' id='line_1_28' title="bbox 743 2892 1343 2954; baseline -0.003 0"><span class='ocrx_word' id='word_1_95' title='bbox 743 2892 1213 2954; x_wconf 85' lang='lat' dir='ltr'><strong>consolationem</strong></span> <span class='ocrx_word' id='word_1_96' title='bbox 1240 2893 1311 2952; x_wconf 72' lang='lat' dir='ltr'><strong>isi</strong></span> <span class='ocrx_word' id='word_1_97' title='bbox 1328 2925 1343 2940; x_wconf 92' lang='lat'><strong>·</strong></span> 
     </span>
    </p>

    <p class='ocr_par' dir='ltr' id='par_1_6' title="bbox 740 2987 1447 4266">
     <span class='ocr_line' id='line_1_29' title="bbox 743 2987 1444 3064; baseline 0.001 -18"><span class='ocrx_word' id='word_1_98' title='bbox 743 2997 803 3046; x_wconf 90' lang='lat' dir='ltr'><strong>et</strong></span> <span class='ocrx_word' id='word_1_99' title='bbox 831 2991 931 3063; x_wconf 74' lang='lat' dir='ltr'><strong>sps</strong></span> <span class='ocrx_word' id='word_1_100' title='bbox 959 2993 1055 3046; x_wconf 69' lang='lat' dir='ltr'><strong>scs</strong></span> <span class='ocrx_word' id='word_1_101' title='bbox 1082 2987 1287 3050; x_wconf 86' lang='lat' dir='ltr'><strong>eratin</strong></span> <span class='ocrx_word' id='word_1_102' title='bbox 1314 2987 1444 3064; x_wconf 86' lang='lat' dir='ltr'><strong>ipso</strong></span> 
     </span>
     <span class='ocr_line' id='line_1_30' title="bbox 743 3079 1406 3157; baseline 0.003 -19"><span class='ocrx_word' id='word_1_103' title='bbox 743 3079 789 3116; x_wconf 79' lang='lat'><strong>¹⁸</strong></span> <span class='ocrx_word' id='word_1_104' title='bbox 806 3080 1183 3157; x_wconf 87' lang='lat' dir='ltr'><strong>Responsum</strong></span> <span class='ocrx_word' id='word_1_105' title='bbox 1214 3091 1406 3140; x_wconf 86' lang='lat' dir='ltr'><strong>autem</strong></span> 
     </span>
     <span class='ocr_line' id='line_1_31' title="bbox 742 3173 1403 3249; baseline 0.002 -16"><span class='ocrx_word' id='word_1_106' title='bbox 742 3173 1033 3249; x_wconf 83' lang='lat' dir='ltr'><strong>acciperat</strong></span> <span class='ocrx_word' id='word_1_107' title='bbox 1062 3192 1098 3232; x_wconf 90' lang='lat' dir='ltr'><strong>a</strong></span> <span class='ocrx_word' id='word_1_108' title='bbox 1126 3179 1236 3249; x_wconf 74' lang='lat' dir='ltr'><strong>spu</strong></span> <span class='ocrx_word' id='word_1_109' title='bbox 1266 3181 1368 3234; x_wconf 77' lang='lat' dir='ltr'><strong>sc&#39;o</strong></span> <span class='ocrx_word' id='word_1_110' title='bbox 1388 3205 1403 3222; x_wconf 91' lang='lat'><strong>·</strong></span> 
     </span>
     <span class='ocr_line' id='line_1_32' title="bbox 744 3267 1414 3326; baseline 0.001 -1"><span class='ocrx_word' id='word_1_111' title='bbox 744 3285 868 3326; x_wconf 86' lang='lat' dir='ltr'><strong>non</strong></span> <span class='ocrx_word' id='word_1_112' title='bbox 896 3267 1161 3326; x_wconf 84' lang='lat' dir='ltr'><strong>uisurum</strong></span> <span class='ocrx_word' id='word_1_113' title='bbox 1189 3271 1253 3326; x_wconf 68' lang='lat' dir='ltr'><strong>se</strong></span> <span class='ocrx_word' id='word_1_114' title='bbox 1281 3285 1414 3326; x_wconf 91' lang='lat' dir='ltr'><strong>mor</strong></span> 
     </span>
     <span class='ocr_line' id='line_1_33' title="bbox 744 3350 1447 3436; baseline 0.003 -18"><span class='ocrx_word' id='word_1_115' title='bbox 744 3369 869 3418; x_wconf 89' lang='lat' dir='ltr'><strong>tem</strong></span> <span class='ocrx_word' id='word_1_116' title='bbox 898 3391 913 3407; x_wconf 92' lang='lat'><strong>·</strong></span> <span class='ocrx_word' id='word_1_117' title='bbox 983 3350 1095 3418; x_wconf 85' lang='lat' dir='ltr'><strong>nisi</strong></span> <span class='ocrx_word' id='word_1_118' title='bbox 1126 3360 1285 3436; x_wconf 89' lang='lat' dir='ltr'><strong>prius</strong></span> <span class='ocrx_word' id='word_1_119' title='bbox 1310 3361 1447 3421; x_wconf 88' lang='lat' dir='ltr'><strong>uide</strong></span> 
     </span>
     <span class='ocr_line' id='line_1_34' title="bbox 744 3453 1446 3530; baseline 0.003 -18"><span class='ocrx_word' id='word_1_120' title='bbox 744 3463 831 3513; x_wconf 89' lang='lat' dir='ltr'><strong>ret</strong></span> <span class='ocrx_word' id='word_1_121' title='bbox 852 3459 995 3530; x_wconf 73' lang='lat' dir='ltr'><strong>xpm</strong></span> <span class='ocrx_word' id='word_1_122' title='bbox 1024 3453 1123 3512; x_wconf 75' lang='lat' dir='ltr'><strong>dni</strong></span> <span class='ocrx_word' id='word_1_123' title='bbox 1147 3485 1162 3501; x_wconf 92' lang='lat'><strong>·</strong></span> <span class='ocrx_word' id='word_1_124' title='bbox 1205 3454 1249 3489; x_wconf 76' lang='lat'><strong>⁸⁷</strong></span> <span class='ocrx_word' id='word_1_125' title='bbox 1267 3455 1345 3512; x_wconf 90' lang='lat' dir='ltr'><strong>Et</strong></span> <span class='ocrx_word' id='word_1_126' title='bbox 1370 3472 1446 3514; x_wconf 92' lang='lat' dir='ltr'><strong>ue</strong></span> 
     </span>
     <span class='ocr_line' id='line_1_35' title="bbox 744 3547 1401 3625; baseline 0.003 -19"><span class='ocrx_word' id='word_1_127' title='bbox 744 3547 832 3606; x_wconf 91' lang='lat' dir='ltr'><strong>nit</strong></span> <span class='ocrx_word' id='word_1_128' title='bbox 860 3549 919 3607; x_wconf 90' lang='lat' dir='ltr'><strong>in</strong></span> <span class='ocrx_word' id='word_1_129' title='bbox 949 3553 1061 3625; x_wconf 71' lang='lat' dir='ltr'><strong>spu</strong></span> <span class='ocrx_word' id='word_1_130' title='bbox 1088 3548 1150 3606; x_wconf 90' lang='lat' dir='ltr'><strong>in</strong></span> <span class='ocrx_word' id='word_1_131' title='bbox 1178 3549 1401 3625; x_wconf 74' lang='lat' dir='ltr'><strong>templu</strong></span> 
     </span>
     <span class='ocr_line' id='line_1_36' title="bbox 741 3640 1351 3702; baseline 0.005 -3"><span class='ocrx_word' id='word_1_132' title='bbox 741 3640 820 3699; x_wconf 92' lang='lat' dir='ltr'><strong>Et</strong></span> <span class='ocrx_word' id='word_1_133' title='bbox 850 3659 984 3701; x_wconf 90' lang='lat' dir='ltr'><strong>cum</strong></span> <span class='ocrx_word' id='word_1_134' title='bbox 1014 3642 1351 3702; x_wconf 87' lang='lat' dir='ltr'><strong>inducerent</strong></span> 
     </span>
     <span class='ocr_line' id='line_1_37' title="bbox 740 3735 1349 3813; baseline 0.003 -20"><span class='ocrx_word' id='word_1_135' title='bbox 740 3752 989 3813; x_wconf 89' lang='lat' dir='ltr'><strong>puerum</strong></span> <span class='ocrx_word' id='word_1_136' title='bbox 1017 3735 1139 3794; x_wconf 82' lang='lat' dir='ltr'><strong>ihm</strong></span> <span class='ocrx_word' id='word_1_137' title='bbox 1166 3754 1349 3812; x_wconf 88' lang='lat' dir='ltr'><strong>paren</strong></span> 
     </span>
     <span class='ocr_line' id='line_1_38' title="bbox 741 3829 1401 3890; baseline 0.002 -1"><span class='ocrx_word' id='word_1_138' title='bbox 741 3837 830 3889; x_wconf 89' lang='lat' dir='ltr'><strong>tes</strong></span> <span class='ocrx_word' id='word_1_139' title='bbox 860 3829 985 3888; x_wconf 92' lang='lat' dir='ltr'><strong>eius</strong></span> <span class='ocrx_word' id='word_1_140' title='bbox 1053 3839 1117 3888; x_wconf 90' lang='lat' dir='ltr'><strong>ut</strong></span> <span class='ocrx_word' id='word_1_141' title='bbox 1143 3829 1401 3890; x_wconf 88' lang='lat' dir='ltr'><strong>facerent</strong></span> 
     </span>
     <span class='ocr_line' id='line_1_39' title="bbox 742 3922 1309 3983; baseline 0.002 -1"><span class='ocrx_word' id='word_1_142' title='bbox 742 3922 1067 3982; x_wconf 88' lang='lat' dir='ltr'><strong>secundum</strong></span> <span class='ocrx_word' id='word_1_143' title='bbox 1088 3940 1309 3983; x_wconf 91' lang='lat' dir='ltr'><strong>consue</strong></span> 
     </span>
     <span class='ocr_line' id='line_1_40' title="bbox 740 4015 1444 4094; baseline 0.007 -20"><span class='ocrx_word' id='word_1_144' title='bbox 740 4015 1005 4076; x_wconf 87' lang='lat' dir='ltr'><strong>tudinem</strong></span> <span class='ocrx_word' id='word_1_145' title='bbox 1025 4016 1171 4092; x_wconf 90' lang='lat' dir='ltr'><strong>legis</strong></span> <span class='ocrx_word' id='word_1_146' title='bbox 1199 4035 1309 4094; x_wconf 88' lang='lat' dir='ltr'><strong>pro</strong></span> <span class='ocrx_word' id='word_1_147' title='bbox 1336 4036 1409 4078; x_wconf 92' lang='lat' dir='ltr'><strong>eo</strong></span> <span class='ocrx_word' id='word_1_148' title='bbox 1429 4049 1444 4065; x_wconf 92' lang='lat'><strong>·</strong></span> 
     </span>
     <span class='ocr_line' id='line_1_41' title="bbox 740 4107 1443 4190; baseline 0.006 -22"><span class='ocrx_word' id='word_1_149' title='bbox 740 4107 783 4144; x_wconf 73' lang='lat'><strong>²⁸</strong></span> <span class='ocrx_word' id='word_1_150' title='bbox 800 4109 879 4169; x_wconf 90' lang='lat' dir='ltr'><strong>Et</strong></span> <span class='ocrx_word' id='word_1_151' title='bbox 904 4111 1030 4190; x_wconf 86' lang='lat' dir='ltr'><strong>ipse</strong></span> <span class='ocrx_word' id='word_1_152' title='bbox 1057 4112 1282 4188; x_wconf 89' lang='lat' dir='ltr'><strong>accepit</strong></span> <span class='ocrx_word' id='word_1_153' title='bbox 1309 4130 1443 4172; x_wconf 90' lang='lat' dir='ltr'><strong>eum</strong></span> 
     </span>
     <span class='ocr_line' id='line_1_42' title="bbox 740 4203 1341 4266; baseline 0.002 -2"><span class='ocrx_word' id='word_1_154' title='bbox 740 4203 803 4264; x_wconf 88' lang='lat' dir='ltr'><strong>in</strong></span> <span class='ocrx_word' id='word_1_155' title='bbox 830 4223 1040 4266; x_wconf 88' lang='lat' dir='ltr'><strong>manus</strong></span> <span class='ocrx_word' id='word_1_156' title='bbox 1070 4221 1205 4265; x_wconf 86' lang='lat' dir='ltr'><strong>suas</strong></span> <span class='ocrx_word' id='word_1_157' title='bbox 1228 4237 1243 4252; x_wconf 93' lang='lat'><strong>·</strong></span> <span class='ocrx_word' id='word_1_158' title='bbox 1260 4239 1341 4250; x_wconf 93' lang='lat'><strong>-—-</strong></span> 
     </span>
    </p>
   </div>
   <div class='ocr_carea' id='block_1_5' title="bbox 2118 334 2397 399">
    <p class='ocr_par' dir='ltr' id='par_1_7' title="bbox 2118 334 2397 399">
     <span class='ocr_line' id='line_1_43' title="bbox 2118 334 2397 399; baseline -0.004 -1"><span class='ocrx_word' id='word_1_159' title='bbox 2118 334 2358 399; x_wconf 85' lang='lat' dir='ltr'><em>SEC&#39;D</em></span> <span class='ocrx_word' id='word_1_160' title='bbox 2382 366 2397 382; x_wconf 95' lang='lat'><strong>·</strong></span> 
     </span>
    </p>
   </div>
   <div class='ocr_carea' id='block_1_6' title="bbox 1502 508 2162 853">
    <p class='ocr_par' dir='ltr' id='par_1_8' title="bbox 1502 508 2162 853">
     <span class='ocr_line' id='line_1_44' title="bbox 1506 508 2102 570; baseline 0 0"><span class='ocrx_word' id='word_1_161' title='bbox 1506 518 1563 570; x_wconf 92' lang='lat' dir='ltr'><strong>et</strong></span> <span class='ocrx_word' id='word_1_162' title='bbox 1587 508 1887 569; x_wconf 70' lang='lat' dir='ltr'><strong>benedixit</strong></span> <span class='ocrx_word' id='word_1_163' title='bbox 1914 508 2015 569; x_wconf 78' lang='lat' dir='ltr'><strong>dr&#39;n</strong></span> <span class='ocrx_word' id='word_1_164' title='bbox 2044 520 2102 570; x_wconf 89' lang='lat' dir='ltr'><strong>et</strong></span> 
     </span>
     <span class='ocr_line' id='line_1_45' title="bbox 1504 602 2162 664; baseline 0.003 -2"><span class='ocrx_word' id='word_1_165' title='bbox 1504 604 1648 663; x_wconf 86' lang='lat' dir='ltr'><strong>dixit</strong></span> <span class='ocrx_word' id='word_1_166' title='bbox 1677 636 1692 652; x_wconf 92' lang='lat'><strong>·</strong></span> <span class='ocrx_word' id='word_1_167' title='bbox 1735 602 1889 663; x_wconf 73' lang='lat' dir='ltr'><strong>²⁹Ex</strong></span> <span class='ocrx_word' id='word_1_168' title='bbox 1920 621 2075 664; x_wconf 89' lang='lat' dir='ltr'><strong>nunc</strong></span> <span class='ocrx_word' id='word_1_169' title='bbox 2102 604 2162 664; x_wconf 89' lang='lat' dir='ltr'><strong>di</strong></span> 
     </span>
     <span class='ocr_line' id='line_1_46' title="bbox 1502 699 2075 758; baseline 0.002 -1"><span class='ocrx_word' id='word_1_170' title='bbox 1502 699 1681 757; x_wconf 76' lang='lat' dir='ltr'><strong>mittis</strong></span> <span class='ocrx_word' id='word_1_171' title='bbox 1710 715 1943 757; x_wconf 90' lang='lat' dir='ltr'><strong>seruum</strong></span> <span class='ocrx_word' id='word_1_172' title='bbox 1970 704 2075 758; x_wconf 73' lang='lat' dir='ltr'><strong>tufi</strong></span> 
     </span>
     <span class='ocr_line' id='line_1_47' title="bbox 1502 792 1971 853; baseline 0 -1"><span class='ocrx_word' id='word_1_173' title='bbox 1502 792 1618 852; x_wconf 72' lang='lat' dir='ltr'><strong>dne</strong></span> <span class='ocrx_word' id='word_1_174' title='bbox 1647 792 1971 853; x_wconf 86' lang='lat' dir='ltr'><strong>secundum</strong></span> 
     </span>
    </p>
   </div>
   <div class='ocr_carea' id='block_1_7' title="bbox 1433 888 2031 959">
    <p class='ocr_par' dir='ltr' id='par_1_9' title="bbox 1433 888 2031 959">
     <span class='ocr_line' id='line_1_48' title="bbox 1433 888 2031 959; baseline 0 -14"><span class='ocrx_word' id='word_1_175' title='bbox 1433 950 1441 959; x_wconf 60' lang='lat'>‚</span> <span class='ocrx_word' id='word_1_176' title='bbox 1500 889 1747 947; x_wconf 89' lang='lat' dir='ltr'><strong>uerbum</strong></span> <span class='ocrx_word' id='word_1_177' title='bbox 1774 896 1939 945; x_wconf 90' lang='lat' dir='ltr'><strong>tuum</strong></span> <span class='ocrx_word' id='word_1_178' title='bbox 1969 888 2031 946; x_wconf 90' lang='lat' dir='ltr'><strong>in</strong></span> 
     </span>
    </p>
   </div>
   <div class='ocr_carea' id='block_1_8' title="bbox 1499 979 2188 2353">
    <p class='ocr_par' dir='ltr' id='par_1_10' title="bbox 1499 979 2188 1433">
     <span class='ocr_line' id='line_1_49' title="bbox 1500 979 2188 1059; baseline 0.001 -20"><span class='ocrx_word' id='word_1_179' title='bbox 1500 1000 1647 1059; x_wconf 89' lang='lat' dir='ltr'><strong>pace</strong></span> <span class='ocrx_word' id='word_1_180' title='bbox 1704 982 1749 1015; x_wconf 78' lang='lat'><strong>⁸⁰</strong></span> <span class='ocrx_word' id='word_1_181' title='bbox 1766 983 1905 1059; x_wconf 90' lang='lat' dir='ltr'><strong>quia</strong></span> <span class='ocrx_word' id='word_1_182' title='bbox 1918 979 2188 1041; x_wconf 88' lang='lat' dir='ltr'><strong>uiderunt</strong></span> 
     </span>
     <span class='ocr_line' id='line_1_50' title="bbox 1499 1074 2073 1135; baseline -0.003 0"><span class='ocrx_word' id='word_1_183' title='bbox 1499 1075 1653 1135; x_wconf 91' lang='lat' dir='ltr'><strong>oculi</strong></span> <span class='ocrx_word' id='word_1_184' title='bbox 1678 1076 1797 1133; x_wconf 90' lang='lat' dir='ltr'><strong>mei</strong></span> <span class='ocrx_word' id='word_1_185' title='bbox 1826 1074 2073 1134; x_wconf 87' lang='lat' dir='ltr'><strong>salutare</strong></span> 
     </span>
     <span class='ocr_line' id='line_1_51' title="bbox 1500 1166 2149 1245; baseline 0 -18"><span class='ocrx_word' id='word_1_186' title='bbox 1500 1178 1665 1227; x_wconf 87' lang='lat' dir='ltr'><strong>tuum</strong></span> <span class='ocrx_word' id='word_1_187' title='bbox 1728 1166 1771 1201; x_wconf 82' lang='lat'><strong>⁸¹</strong></span> <span class='ocrx_word' id='word_1_188' title='bbox 1789 1168 1951 1245; x_wconf 91' lang='lat' dir='ltr'><strong>quod</strong></span> <span class='ocrx_word' id='word_1_189' title='bbox 1978 1186 2149 1245; x_wconf 88' lang='lat' dir='ltr'><strong>paras</strong></span> 
     </span>
     <span class='ocr_line' id='line_1_52' title="bbox 1500 1261 2079 1323; baseline 0.002 -3"><span class='ocrx_word' id='word_1_190' title='bbox 1500 1263 1543 1320; x_wconf 89' lang='lat' dir='ltr'><strong>ti</strong></span> <span class='ocrx_word' id='word_1_191' title='bbox 1572 1272 1707 1321; x_wconf 87' lang='lat' dir='ltr'><strong>ante</strong></span> <span class='ocrx_word' id='word_1_192' title='bbox 1736 1261 1949 1321; x_wconf 88' lang='lat' dir='ltr'><strong>faciem</strong></span> <span class='ocrx_word' id='word_1_193' title='bbox 1978 1280 2079 1323; x_wconf 88' lang='lat' dir='ltr'><strong>om</strong></span> 
     </span>
     <span class='ocr_line' id='line_1_53' title="bbox 1502 1356 2021 1433; baseline 0.002 -20"><span class='ocrx_word' id='word_1_194' title='bbox 1502 1356 1664 1414; x_wconf 91' lang='lat' dir='ltr'><strong>nium</strong></span> <span class='ocrx_word' id='word_1_195' title='bbox 1690 1356 1981 1433; x_wconf 79' lang='lat' dir='ltr'><strong>populorii</strong></span> <span class='ocrx_word' id='word_1_196' title='bbox 2006 1386 2021 1402; x_wconf 92' lang='lat'><strong>·</strong></span> 
     </span>
    </p>

    <p class='ocr_par' dir='ltr' id='par_1_11' title="bbox 1499 1445 2160 2353">
     <span class='ocr_line' id='line_1_54' title="bbox 1500 1445 2121 1509; baseline 0.003 -2"><span class='ocrx_word' id='word_1_197' title='bbox 1500 1445 1545 1482; x_wconf 52' lang='grc' dir='ltr'><strong>θ’</strong></span> <span class='ocrx_word' id='word_1_198' title='bbox 1560 1449 1756 1508; x_wconf 89' lang='lat' dir='ltr'><strong>lumen</strong></span> <span class='ocrx_word' id='word_1_199' title='bbox 1786 1450 1862 1508; x_wconf 89' lang='lat' dir='ltr'><strong>ad</strong></span> <span class='ocrx_word' id='word_1_200' title='bbox 1887 1447 2121 1509; x_wconf 86' lang='lat' dir='ltr'><strong>reuelati</strong></span> 
     </span>
     <span class='ocr_line' id='line_1_55' title="bbox 1500 1542 2141 1619; baseline 0.002 -18"><span class='ocrx_word' id='word_1_201' title='bbox 1500 1560 1679 1602; x_wconf 85' lang='lat' dir='ltr'><strong>onem</strong></span> <span class='ocrx_word' id='word_1_202' title='bbox 1709 1544 1975 1619; x_wconf 89' lang='lat' dir='ltr'><strong>gentium</strong></span> <span class='ocrx_word' id='word_1_203' title='bbox 1998 1574 2013 1590; x_wconf 93' lang='lat'><strong>·</strong></span> <span class='ocrx_word' id='word_1_204' title='bbox 2062 1542 2141 1602; x_wconf 92' lang='lat' dir='ltr'><strong>Et</strong></span> 
     </span>
     <span class='ocr_line' id='line_1_56' title="bbox 1500 1636 2123 1713; baseline 0.003 -19"><span class='ocrx_word' id='word_1_205' title='bbox 1500 1636 1749 1712; x_wconf 84' lang='lat' dir='ltr'><strong>gloriam</strong></span> <span class='ocrx_word' id='word_1_206' title='bbox 1777 1637 1963 1713; x_wconf 90' lang='lat' dir='ltr'><strong>plebis</strong></span> <span class='ocrx_word' id='word_1_207' title='bbox 1990 1646 2123 1696; x_wconf 86' lang='lat' dir='ltr'><strong>tuae</strong></span> 
     </span>
     <span class='ocr_line' id='line_1_57' title="bbox 1503 1729 2141 1808; baseline 0.003 -20"><span class='ocrx_word' id='word_1_208' title='bbox 1503 1729 1610 1789; x_wconf 74' lang='lat' dir='ltr'><strong>isi·</strong></span> <span class='ocrx_word' id='word_1_209' title='bbox 1654 1729 1794 1789; x_wconf 73' lang='lat' dir='ltr'><strong>”Et</strong></span> <span class='ocrx_word' id='word_1_210' title='bbox 1822 1740 1946 1790; x_wconf 89' lang='lat' dir='ltr'><strong>erat</strong></span> <span class='ocrx_word' id='word_1_211' title='bbox 1974 1731 2141 1808; x_wconf 89' lang='lat' dir='ltr'><strong>iosep</strong></span> 
     </span>
     <span class='ocr_line' id='line_1_58' title="bbox 1502 1825 2041 1883; baseline 0.002 -1"><span class='ocrx_word' id='word_1_212' title='bbox 1502 1831 1560 1882; x_wconf 92' lang='lat' dir='ltr'><strong>et</strong></span> <span class='ocrx_word' id='word_1_213' title='bbox 1588 1833 1773 1883; x_wconf 91' lang='lat' dir='ltr'><strong>mater</strong></span> <span class='ocrx_word' id='word_1_214' title='bbox 1806 1825 1931 1883; x_wconf 90' lang='lat' dir='ltr'><strong>eius</strong></span> <span class='ocrx_word' id='word_1_215' title='bbox 1958 1825 2041 1883; x_wconf 90' lang='lat' dir='ltr'><strong>mi</strong></span> 
     </span>
     <span class='ocr_line' id='line_1_59' title="bbox 1501 1918 2011 1995; baseline 0.004 -20"><span class='ocrx_word' id='word_1_216' title='bbox 1501 1928 1696 1977; x_wconf 89' lang='lat' dir='ltr'><strong>rantes</strong></span> <span class='ocrx_word' id='word_1_217' title='bbox 1726 1935 1901 1995; x_wconf 90' lang='lat' dir='ltr'><strong>super</strong></span> <span class='ocrx_word' id='word_1_218' title='bbox 1922 1918 2011 1978; x_wconf 90' lang='lat' dir='ltr'><strong>his</strong></span> 
     </span>
     <span class='ocr_line' id='line_1_60' title="bbox 1502 2011 2119 2089; baseline 0.006 -20"><span class='ocrx_word' id='word_1_219' title='bbox 1502 2029 1651 2089; x_wconf 88' lang='lat' dir='ltr'><strong>quae</strong></span> <span class='ocrx_word' id='word_1_220' title='bbox 1674 2011 2017 2072; x_wconf 83' lang='lat' dir='ltr'><strong>dicebantur</strong></span> <span class='ocrx_word' id='word_1_221' title='bbox 2043 2012 2119 2073; x_wconf 87' lang='lat' dir='ltr'><strong>de</strong></span> 
     </span>
     <span class='ocr_line' id='line_1_61' title="bbox 1502 2104 2119 2189; baseline 0.005 -27"><span class='ocrx_word' id='word_1_222' title='bbox 1502 2104 1601 2189; x_wconf 83' lang='lat' dir='ltr'><strong>illo</strong></span> <span class='ocrx_word' id='word_1_223' title='bbox 1620 2136 1633 2151; x_wconf 94' lang='lat'><strong>·</strong></span> <span class='ocrx_word' id='word_1_224' title='bbox 1678 2105 1721 2138; x_wconf 80' lang='lat'><strong>⁸⁴</strong></span> <span class='ocrx_word' id='word_1_225' title='bbox 1739 2114 1797 2163; x_wconf 91' lang='lat' dir='ltr'><strong>et</strong></span> <span class='ocrx_word' id='word_1_226' title='bbox 1824 2106 2119 2166; x_wconf 87' lang='lat' dir='ltr'><strong>benedixit</strong></span> 
     </span>
     <span class='ocr_line' id='line_1_62' title="bbox 1499 2200 2160 2274; baseline 0.006 -18"><span class='ocrx_word' id='word_1_227' title='bbox 1499 2216 1602 2257; x_wconf 90' lang='lat' dir='ltr'><strong>eos</strong></span> <span class='ocrx_word' id='word_1_228' title='bbox 1632 2216 1879 2274; x_wconf 84' lang='lat' dir='ltr'><strong>symeon</strong></span> <span class='ocrx_word' id='word_1_229' title='bbox 1901 2231 1916 2247; x_wconf 91' lang='lat'><strong>·</strong></span> <span class='ocrx_word' id='word_1_230' title='bbox 1976 2210 2035 2260; x_wconf 93' lang='lat' dir='ltr'><strong>et</strong></span> <span class='ocrx_word' id='word_1_231' title='bbox 2060 2200 2160 2260; x_wconf 87' lang='lat' dir='ltr'><strong>dix</strong></span> 
     </span>
     <span class='ocr_line' id='line_1_63' title="bbox 1500 2292 2069 2353; baseline 0.007 -4"><span class='ocrx_word' id='word_1_232' title='bbox 1500 2292 1570 2349; x_wconf 90' lang='lat' dir='ltr'><strong>sit</strong></span> <span class='ocrx_word' id='word_1_233' title='bbox 1597 2292 1673 2351; x_wconf 90' lang='lat' dir='ltr'><strong>ad</strong></span> <span class='ocrx_word' id='word_1_234' title='bbox 1699 2294 1941 2353; x_wconf 86' lang='lat' dir='ltr'><strong>mariam</strong></span> <span class='ocrx_word' id='word_1_235' title='bbox 1968 2312 2069 2353; x_wconf 91' lang='lat' dir='ltr'><strong>ma</strong></span> 
     </span>
    </p>
   </div>
   <div class='ocr_carea' id='block_1_9' title="bbox 1490 2422 2198 4271">
    <p class='ocr_par' dir='ltr' id='par_1_12' title="bbox 1496 2422 2171 2766">
     <span class='ocr_line' id='line_1_64' title="bbox 1496 2422 2171 2504; baseline 0.007 -23"><span class='ocrx_word' id='word_1_236' title='bbox 1496 2432 1645 2482; x_wconf 89' lang='lat' dir='ltr'><strong>trem</strong></span> <span class='ocrx_word' id='word_1_237' title='bbox 1672 2422 1799 2483; x_wconf 91' lang='lat' dir='ltr'><strong>eius</strong></span> <span class='ocrx_word' id='word_1_238' title='bbox 1821 2455 1834 2470; x_wconf 90' lang='lat'><strong>·</strong></span> <span class='ocrx_word' id='word_1_239' title='bbox 1864 2456 1875 2469; x_wconf 91' lang='lat'><strong>·</strong></span> <span class='ocrx_word' id='word_1_240' title='bbox 1922 2442 2061 2485; x_wconf 88' lang='lat' dir='ltr'><strong>ecce</strong></span> <span class='ocrx_word' id='word_1_241' title='bbox 2090 2444 2171 2504; x_wconf 92' lang='lat' dir='ltr'><strong>po</strong></span> 
     </span>
     <span class='ocr_line' id='line_1_65' title="bbox 1497 2516 2083 2578; baseline 0.002 -2"><span class='ocrx_word' id='word_1_242' title='bbox 1497 2517 1639 2577; x_wconf 89' lang='lat' dir='ltr'><strong>situs</strong></span> <span class='ocrx_word' id='word_1_243' title='bbox 1667 2527 1755 2578; x_wconf 89' lang='lat' dir='ltr'><strong>est</strong></span> <span class='ocrx_word' id='word_1_244' title='bbox 1782 2516 1878 2578; x_wconf 92' lang='lat' dir='ltr'><strong>hic</strong></span> <span class='ocrx_word' id='word_1_245' title='bbox 1906 2518 1969 2577; x_wconf 93' lang='lat' dir='ltr'><strong>in</strong></span> <span class='ocrx_word' id='word_1_246' title='bbox 1994 2518 2083 2577; x_wconf 92' lang='lat' dir='ltr'><strong>rui</strong></span> 
     </span>
     <span class='ocr_line' id='line_1_66' title="bbox 1496 2614 2055 2673; baseline 0.004 -3"><span class='ocrx_word' id='word_1_247' title='bbox 1496 2629 1637 2670; x_wconf 89' lang='lat' dir='ltr'><strong>nam</strong></span> <span class='ocrx_word' id='word_1_248' title='bbox 1664 2621 1721 2671; x_wconf 91' lang='lat' dir='ltr'><strong>et</strong></span> <span class='ocrx_word' id='word_1_249' title='bbox 1752 2614 2055 2673; x_wconf 87' lang='lat' dir='ltr'><strong>resurrecti</strong></span> 
     </span>
     <span class='ocr_line' id='line_1_67' title="bbox 1496 2706 2019 2766; baseline 0.004 -2"><span class='ocrx_word' id='word_1_250' title='bbox 1496 2721 1674 2764; x_wconf 91' lang='lat' dir='ltr'><strong>onem</strong></span> <span class='ocrx_word' id='word_1_251' title='bbox 1702 2706 2019 2766; x_wconf 89' lang='lat' dir='ltr'><strong>multorum</strong></span> 
     </span>
    </p>

    <p class='ocr_par' dir='ltr' id='par_1_13' title="bbox 1496 2799 2099 2971">
     <span class='ocr_line' id='line_1_68' title="bbox 1497 2799 2099 2876; baseline 0.005 -19"><span class='ocrx_word' id='word_1_252' title='bbox 1497 2799 1558 2858; x_wconf 88' lang='lat' dir='ltr'><strong>in</strong></span> <span class='ocrx_word' id='word_1_253' title='bbox 1587 2799 1659 2858; x_wconf 72' lang='lat' dir='ltr'><strong>isi</strong></span> <span class='ocrx_word' id='word_1_254' title='bbox 1681 2831 1696 2847; x_wconf 92' lang='lat'><strong>·</strong></span> <span class='ocrx_word' id='word_1_255' title='bbox 1754 2800 1835 2859; x_wconf 94' lang='lat' dir='ltr'><strong>Et</strong></span> <span class='ocrx_word' id='word_1_256' title='bbox 1862 2801 2099 2876; x_wconf 85' lang='lat' dir='ltr'><strong>signum</strong></span> 
     </span>
     <span class='ocr_line' id='line_1_69' title="bbox 1496 2891 2015 2971; baseline 0.008 -21"><span class='ocrx_word' id='word_1_257' title='bbox 1496 2891 1656 2971; x_wconf 91' lang='lat' dir='ltr'><strong>quod</strong></span> <span class='ocrx_word' id='word_1_258' title='bbox 1682 2894 2015 2954; x_wconf 85' lang='lat' dir='ltr'><strong>contradice</strong></span> 
     </span>
    </p>

    <p class='ocr_par' dir='ltr' id='par_1_14' title="bbox 1495 2987 2177 3158">
     <span class='ocr_line' id='line_1_70' title="bbox 1495 2987 2177 3064; baseline 0.001 -19"><span class='ocrx_word' id='word_1_259' title='bbox 1495 2995 1589 3045; x_wconf 84' lang='lat' dir='ltr'><strong>tur</strong></span> <span class='ocrx_word' id='word_1_260' title='bbox 1656 2987 1703 3020; x_wconf 80' lang='lat'><strong>⁸⁶</strong></span> <span class='ocrx_word' id='word_1_261' title='bbox 1724 2997 1781 3046; x_wconf 89' lang='lat' dir='ltr'><strong>et</strong></span> <span class='ocrx_word' id='word_1_262' title='bbox 1808 2997 1969 3047; x_wconf 90' lang='lat' dir='ltr'><strong>tuam</strong></span> <span class='ocrx_word' id='word_1_263' title='bbox 1998 2989 2177 3064; x_wconf 89' lang='lat' dir='ltr'><strong>ipsius</strong></span> 
     </span>
     <span class='ocr_line' id='line_1_71' title="bbox 1498 3080 2068 3158; baseline 0.005 -20"><span class='ocrx_word' id='word_1_264' title='bbox 1498 3080 1753 3139; x_wconf 89' lang='lat' dir='ltr'><strong>animam</strong></span> <span class='ocrx_word' id='word_1_265' title='bbox 1784 3082 2068 3158; x_wconf 88' lang='lat' dir='ltr'><strong>pertransi</strong></span> 
     </span>
    </p>

    <p class='ocr_par' dir='ltr' id='par_1_15' title="bbox 1494 3172 2189 3814">
     <span class='ocr_line' id='line_1_72' title="bbox 1496 3172 2057 3249; baseline 0.005 -17"><span class='ocrx_word' id='word_1_266' title='bbox 1496 3181 1555 3232; x_wconf 92' lang='lat' dir='ltr'><strong>et</strong></span> <span class='ocrx_word' id='word_1_267' title='bbox 1581 3172 1805 3249; x_wconf 86' lang='lat' dir='ltr'><strong>gladius</strong></span> <span class='ocrx_word' id='word_1_268' title='bbox 1829 3205 1844 3222; x_wconf 92' lang='lat'><strong>·</strong></span> <span class='ocrx_word' id='word_1_269' title='bbox 1906 3184 1971 3234; x_wconf 88' lang='lat' dir='ltr'><strong>ut</strong></span> <span class='ocrx_word' id='word_1_270' title='bbox 1996 3193 2057 3235; x_wconf 91' lang='lat' dir='ltr'><strong>re</strong></span> 
     </span>
     <span class='ocr_line' id='line_1_73' title="bbox 1494 3267 1992 3327; baseline 0.006 -3"><span class='ocrx_word' id='word_1_271' title='bbox 1494 3267 1715 3325; x_wconf 89' lang='lat' dir='ltr'><strong>ueletur</strong></span> <span class='ocrx_word' id='word_1_272' title='bbox 1742 3268 1992 3327; x_wconf 71' lang='lat' dir='ltr'><strong>multorfi</strong></span> 
     </span>
     <span class='ocr_line' id='line_1_74' title="bbox 1496 3360 2065 3437; baseline 0.007 -20"><span class='ocrx_word' id='word_1_273' title='bbox 1496 3360 1761 3419; x_wconf 89' lang='lat' dir='ltr'><strong>cordium</strong></span> <span class='ocrx_word' id='word_1_274' title='bbox 1790 3363 2065 3437; x_wconf 81' lang='lat' dir='ltr'><strong>cogitatio</strong></span> 
     </span>
     <span class='ocr_line' id='line_1_75' title="bbox 1498 3453 2189 3516; baseline 0.01 -7"><span class='ocrx_word' id='word_1_275' title='bbox 1498 3470 1605 3510; x_wconf 91' lang='lat' dir='ltr'><strong>nes</strong></span> <span class='ocrx_word' id='word_1_276' title='bbox 1626 3485 1639 3500; x_wconf 92' lang='lat'><strong>·</strong></span> <span class='ocrx_word' id='word_1_277' title='bbox 1664 3485 1677 3500; x_wconf 88' lang='lat'><strong>·</strong></span> <span class='ocrx_word' id='word_1_278' title='bbox 1699 3486 1712 3500; x_wconf 90' lang='lat'><strong>·</strong></span> <span class='ocrx_word' id='word_1_279' title='bbox 1744 3454 1789 3488; x_wconf 78' lang='lat'><strong>⁸⁶</strong></span> <span class='ocrx_word' id='word_1_280' title='bbox 1798 3453 1877 3513; x_wconf 92' lang='lat' dir='ltr'><strong>Et</strong></span> <span class='ocrx_word' id='word_1_281' title='bbox 1894 3467 2017 3515; x_wconf 89' lang='lat' dir='ltr'><strong>erat</strong></span> <span class='ocrx_word' id='word_1_282' title='bbox 2032 3475 2189 3516; x_wconf 87' lang='lat' dir='ltr'><strong>anna</strong></span> 
     </span>
     <span class='ocr_line' id='line_1_76' title="bbox 1497 3546 2035 3624; baseline 0.009 -19"><span class='ocrx_word' id='word_1_283' title='bbox 1497 3546 1805 3624; x_wconf 85' lang='lat' dir='ltr'><strong>profetissa</strong></span> <span class='ocrx_word' id='word_1_284' title='bbox 1833 3549 1948 3610; x_wconf 87' lang='lat' dir='ltr'><strong>filia</strong></span> <span class='ocrx_word' id='word_1_285' title='bbox 1976 3551 2035 3610; x_wconf 86' lang='lat' dir='ltr'><strong>sa</strong></span> 
     </span>
     <span class='ocr_line' id='line_1_77' title="bbox 1499 3642 2153 3705; baseline 0.008 -5"><span class='ocrx_word' id='word_1_286' title='bbox 1499 3642 1633 3700; x_wconf 88' lang='lat' dir='ltr'><strong>nuel</strong></span> <span class='ocrx_word' id='word_1_287' title='bbox 1663 3643 1735 3702; x_wconf 88' lang='lat' dir='ltr'><strong>de</strong></span> <span class='ocrx_word' id='word_1_288' title='bbox 1760 3644 1913 3702; x_wconf 87' lang='lat' dir='ltr'><strong>tribu</strong></span> <span class='ocrx_word' id='word_1_289' title='bbox 1944 3677 1957 3691; x_wconf 92' lang='lat'><strong>·</strong></span> <span class='ocrx_word' id='word_1_290' title='bbox 1988 3663 2118 3705; x_wconf 87' lang='lat' dir='ltr'><strong>aser</strong></span> <span class='ocrx_word' id='word_1_291' title='bbox 2138 3677 2153 3692; x_wconf 93' lang='lat'><strong>·</strong></span> 
     </span>
     <span class='ocr_line' id='line_1_78' title="bbox 1500 3733 2062 3814; baseline 0.011 -21"><span class='ocrx_word' id='word_1_292' title='bbox 1500 3733 1669 3796; x_wconf 89' lang='lat' dir='ltr'><strong>Haec</strong></span> <span class='ocrx_word' id='word_1_293' title='bbox 1699 3749 2062 3814; x_wconf 86' lang='lat' dir='ltr'><strong>processarat</strong></span> 
     </span>
    </p>

    <p class='ocr_par' dir='ltr' id='par_1_16' title="bbox 1500 3830 2056 3894">
     <span class='ocr_line' id='line_1_79' title="bbox 1500 3830 2056 3894; baseline 0.011 -6"><span class='ocrx_word' id='word_1_294' title='bbox 1500 3830 1560 3889; x_wconf 87' lang='lat' dir='ltr'><strong>in</strong></span> <span class='ocrx_word' id='word_1_295' title='bbox 1590 3831 1795 3892; x_wconf 90' lang='lat' dir='ltr'><strong>diebus</strong></span> <span class='ocrx_word' id='word_1_296' title='bbox 1822 3834 2017 3894; x_wconf 88' lang='lat' dir='ltr'><strong>multis</strong></span> <span class='ocrx_word' id='word_1_297' title='bbox 2041 3865 2056 3881; x_wconf 93' lang='lat'><strong>·</strong></span> 
     </span>
    </p>

    <p class='ocr_par' dir='ltr' id='par_1_17' title="bbox 1500 3925 2130 4098">
     <span class='ocr_line' id='line_1_80' title="bbox 1500 3925 2130 3988; baseline 0.01 -7"><span class='ocrx_word' id='word_1_298' title='bbox 1500 3932 1558 3982; x_wconf 91' lang='lat' dir='ltr'><strong>et</strong></span> <span class='ocrx_word' id='word_1_299' title='bbox 1584 3925 1811 3985; x_wconf 89' lang='lat' dir='ltr'><strong>uixerat</strong></span> <span class='ocrx_word' id='word_1_300' title='bbox 1838 3945 1973 3986; x_wconf 90' lang='lat' dir='ltr'><strong>cum</strong></span> <span class='ocrx_word' id='word_1_301' title='bbox 2001 3929 2130 3988; x_wconf 89' lang='lat' dir='ltr'><strong>uiro</strong></span> 
     </span>
     <span class='ocr_line' id='line_1_81' title="bbox 1500 4027 2019 4098; baseline 0.008 -22"><span class='ocrx_word' id='word_1_302' title='bbox 1500 4035 1607 4077; x_wconf 91' lang='lat' dir='ltr'><strong>suo</strong></span> <span class='ocrx_word' id='word_1_303' title='bbox 1636 4037 1827 4078; x_wconf 90' lang='lat' dir='ltr'><strong>annos</strong></span> <span class='ocrx_word' id='word_1_304' title='bbox 1856 4027 2019 4098; x_wconf 67' lang='lat' dir='ltr'><strong>septe</strong></span> 
     </span>
    </p>

    <p class='ocr_par' dir='ltr' id='par_1_18' title="bbox 1496 4113 2055 4188">
     <span class='ocr_line' id='line_1_82' title="bbox 1496 4113 2055 4188; baseline 0.013 -20"><span class='ocrx_word' id='word_1_305' title='bbox 1496 4129 1531 4168; x_wconf 98' lang='lat' dir='ltr'><strong>a</strong></span> <span class='ocrx_word' id='word_1_306' title='bbox 1560 4113 1885 4188; x_wconf 88' lang='lat' dir='ltr'><strong>uirginitate</strong></span> <span class='ocrx_word' id='word_1_307' title='bbox 1915 4133 2019 4174; x_wconf 88' lang='lat' dir='ltr'><strong>sua</strong></span> <span class='ocrx_word' id='word_1_308' title='bbox 2040 4147 2055 4164; x_wconf 91' lang='lat'><strong>·</strong></span> 
     </span>
    </p>

    <p class='ocr_par' dir='ltr' id='par_1_19' title="bbox 1490 4205 2198 4271">
     <span class='ocr_line' id='line_1_83' title="bbox 1490 4205 2198 4271; baseline 0.01 -8"><span class='ocrx_word' id='word_1_309' title='bbox 1490 4205 1534 4238; x_wconf 78' lang='lat'><strong>⁸⁷</strong></span> <span class='ocrx_word' id='word_1_310' title='bbox 1550 4205 1781 4265; x_wconf 87' lang='lat' dir='ltr'><strong>Ethaec</strong></span> <span class='ocrx_word' id='word_1_311' title='bbox 1788 4207 1965 4268; x_wconf 88' lang='lat' dir='ltr'><strong>uidua</strong></span> <span class='ocrx_word' id='word_1_312' title='bbox 1972 4216 2198 4271; x_wconf 79' lang='lat' dir='ltr'><strong>annoril</strong></span> 
     </span>
    </p>
   </div>
   <div class='ocr_carea' id='block_1_10' title="bbox 2302 508 3011 2355">
    <p class='ocr_par' dir='ltr' id='par_1_20' title="bbox 2309 508 2800 589">
     <span class='ocr_line' id='line_1_84' title="bbox 2309 508 2800 589; baseline -0.002 -19"><span class='ocrx_word' id='word_1_313' title='bbox 2309 508 2568 571; x_wconf 87' lang='lat' dir='ltr'><strong>octuinta</strong></span> <span class='ocrx_word' id='word_1_314' title='bbox 2595 519 2800 589; x_wconf 88' lang='lat' dir='ltr'><strong>quattu</strong></span> 
     </span>
    </p>

    <p class='ocr_par' dir='ltr' id='par_1_21' title="bbox 2307 602 2972 945">
     <span class='ocr_line' id='line_1_85' title="bbox 2308 602 2972 683; baseline 0.002 -21"><span class='ocrx_word' id='word_1_315' title='bbox 2308 622 2378 663; x_wconf 91' lang='lat' dir='ltr'><strong>or</strong></span> <span class='ocrx_word' id='word_1_316' title='bbox 2400 636 2415 651; x_wconf 93' lang='lat'><strong>·</strong></span> <span class='ocrx_word' id='word_1_317' title='bbox 2479 623 2630 683; x_wconf 91' lang='lat' dir='ltr'><strong>quae</strong></span> <span class='ocrx_word' id='word_1_318' title='bbox 2658 624 2782 664; x_wconf 91' lang='lat' dir='ltr'><strong>non</strong></span> <span class='ocrx_word' id='word_1_319' title='bbox 2811 602 2972 665; x_wconf 88' lang='lat' dir='ltr'><strong>disce</strong></span> 
     </span>
     <span class='ocr_line' id='line_1_86' title="bbox 2308 698 2827 776; baseline 0 -19"><span class='ocrx_word' id='word_1_320' title='bbox 2308 699 2483 758; x_wconf 89' lang='lat' dir='ltr'><strong>debat</strong></span> <span class='ocrx_word' id='word_1_321' title='bbox 2511 699 2583 758; x_wconf 89' lang='lat' dir='ltr'><strong>de</strong></span> <span class='ocrx_word' id='word_1_322' title='bbox 2604 698 2827 776; x_wconf 88' lang='lat' dir='ltr'><strong>templo</strong></span> 
     </span>
     <span class='ocr_line' id='line_1_87' title="bbox 2308 792 2813 852; baseline 0.004 -2"><span class='ocrx_word' id='word_1_323' title='bbox 2308 792 2515 851; x_wconf 81' lang='lat' dir='ltr'><strong>ieiunis</strong></span> <span class='ocrx_word' id='word_1_324' title='bbox 2543 800 2602 851; x_wconf 89' lang='lat' dir='ltr'><strong>et</strong></span> <span class='ocrx_word' id='word_1_325' title='bbox 2627 792 2813 852; x_wconf 90' lang='lat' dir='ltr'><strong>oratio</strong></span> 
     </span>
     <span class='ocr_line' id='line_1_88' title="bbox 2307 885 2766 945; baseline 0.002 -1"><span class='ocrx_word' id='word_1_326' title='bbox 2307 886 2480 945; x_wconf 88' lang='lat' dir='ltr'><strong>nibus</strong></span> <span class='ocrx_word' id='word_1_327' title='bbox 2507 885 2766 945; x_wconf 84' lang='lat' dir='ltr'><strong>seruiens</strong></span> 
     </span>
    </p>

    <p class='ocr_par' dir='ltr' id='par_1_22' title="bbox 2306 976 3011 1228">
     <span class='ocr_line' id='line_1_89' title="bbox 2309 976 3011 1040; baseline 0.004 -3"><span class='ocrx_word' id='word_1_328' title='bbox 2309 988 2482 1039; x_wconf 91' lang='lat' dir='ltr'><strong>nocte</strong></span> <span class='ocrx_word' id='word_1_329' title='bbox 2505 998 2573 1039; x_wconf 89' lang='lat' dir='ltr'><strong>ac</strong></span> <span class='ocrx_word' id='word_1_330' title='bbox 2592 980 2686 1039; x_wconf 91' lang='lat' dir='ltr'><strong>die</strong></span> <span class='ocrx_word' id='word_1_331' title='bbox 2707 1010 2722 1025; x_wconf 94' lang='lat'><strong>·</strong></span> <span class='ocrx_word' id='word_1_332' title='bbox 2749 978 2880 1037; x_wconf 74' lang='lat' dir='ltr'><strong>”Et</strong></span> <span class='ocrx_word' id='word_1_333' title='bbox 2899 976 3011 1040; x_wconf 89' lang='lat' dir='ltr'><strong>hec</strong></span> 
     </span>
     <span class='ocr_line' id='line_1_90' title="bbox 2306 1073 2828 1150; baseline 0.002 -18"><span class='ocrx_word' id='word_1_334' title='bbox 2306 1074 2434 1150; x_wconf 90' lang='lat' dir='ltr'><strong>ipsa</strong></span> <span class='ocrx_word' id='word_1_335' title='bbox 2461 1073 2607 1133; x_wconf 89' lang='lat' dir='ltr'><strong>hora</strong></span> <span class='ocrx_word' id='word_1_336' title='bbox 2633 1083 2794 1133; x_wconf 85' lang='lat' dir='ltr'><strong>stans</strong></span> <span class='ocrx_word' id='word_1_337' title='bbox 2813 1104 2828 1121; x_wconf 91' lang='lat'><strong>·</strong></span> 
     </span>
     <span class='ocr_line' id='line_1_91' title="bbox 2307 1166 2874 1228; baseline 0 0"><span class='ocrx_word' id='word_1_338' title='bbox 2307 1168 2691 1228; x_wconf 83' lang='lat' dir='ltr'><strong>confitebatur</strong></span> <span class='ocrx_word' id='word_1_339' title='bbox 2717 1166 2840 1228; x_wconf 73' lang='lat' dir='ltr'><strong>dfio</strong></span> <span class='ocrx_word' id='word_1_340' title='bbox 2859 1198 2874 1215; x_wconf 93' lang='lat'><strong>·</strong></span> 
     </span>
    </p>

    <p class='ocr_par' dir='ltr' id='par_1_23' title="bbox 2305 1260 2830 1339">
     <span class='ocr_line' id='line_1_92' title="bbox 2305 1260 2830 1339; baseline 0.002 -19"><span class='ocrx_word' id='word_1_341' title='bbox 2305 1270 2364 1320; x_wconf 90' lang='lat' dir='ltr'><strong>et</strong></span> <span class='ocrx_word' id='word_1_342' title='bbox 2389 1260 2733 1339; x_wconf 88' lang='lat' dir='ltr'><strong>loquebatur</strong></span> <span class='ocrx_word' id='word_1_343' title='bbox 2755 1260 2830 1321; x_wconf 92' lang='lat' dir='ltr'><strong>de</strong></span> 
     </span>
    </p>

    <p class='ocr_par' dir='ltr' id='par_1_24' title="bbox 2302 1355 2928 2355">
     <span class='ocr_line' id='line_1_93' title="bbox 2305 1355 2844 1434; baseline -0.002 -21"><span class='ocrx_word' id='word_1_344' title='bbox 2305 1355 2405 1413; x_wconf 87' lang='lat' dir='ltr'><strong>illo</strong></span> <span class='ocrx_word' id='word_1_345' title='bbox 2441 1356 2714 1415; x_wconf 89' lang='lat' dir='ltr'><strong>omnibus</strong></span> <span class='ocrx_word' id='word_1_346' title='bbox 2742 1355 2844 1434; x_wconf 93' lang='lat' dir='ltr'><strong>qui</strong></span> 
     </span>
     <span class='ocr_line' id='line_1_94' title="bbox 2305 1450 2814 1527; baseline 0 -19"><span class='ocrx_word' id='word_1_347' title='bbox 2305 1450 2724 1527; x_wconf 86' lang='lat' dir='ltr'><strong>exspectabant</strong></span> <span class='ocrx_word' id='word_1_348' title='bbox 2751 1467 2814 1509; x_wconf 92' lang='lat' dir='ltr'><strong>re</strong></span> 
     </span>
     <span class='ocr_line' id='line_1_95' title="bbox 2307 1543 2857 1603; baseline 0.004 -2"><span class='ocrx_word' id='word_1_349' title='bbox 2307 1543 2664 1603; x_wconf 88' lang='lat' dir='ltr'><strong>demtionem</strong></span> <span class='ocrx_word' id='word_1_350' title='bbox 2693 1543 2857 1603; x_wconf 88' lang='lat' dir='ltr'><strong>hieru</strong></span> 
     </span>
     <span class='ocr_line' id='line_1_96' title="bbox 2308 1636 2928 1714; baseline 0.003 -19"><span class='ocrx_word' id='word_1_351' title='bbox 2308 1638 2490 1696; x_wconf 87' lang='lat' dir='ltr'><strong>salem</strong></span> <span class='ocrx_word' id='word_1_352' title='bbox 2515 1668 2530 1683; x_wconf 93' lang='lat'><strong>·</strong></span> <span class='ocrx_word' id='word_1_353' title='bbox 2573 1636 2617 1671; x_wconf 79' lang='lat'><strong>⁸⁹</strong></span> <span class='ocrx_word' id='word_1_354' title='bbox 2633 1638 2711 1696; x_wconf 88' lang='lat' dir='ltr'><strong>Et</strong></span> <span class='ocrx_word' id='word_1_355' title='bbox 2731 1646 2796 1696; x_wconf 91' lang='lat' dir='ltr'><strong>ut</strong></span> <span class='ocrx_word' id='word_1_356' title='bbox 2822 1655 2928 1714; x_wconf 89' lang='lat' dir='ltr'><strong>per</strong></span> 
     </span>
     <span class='ocr_line' id='line_1_97' title="bbox 2304 1730 2846 1791; baseline 0.002 -1"><span class='ocrx_word' id='word_1_357' title='bbox 2304 1730 2458 1791; x_wconf 87' lang='lat' dir='ltr'><strong>secta</strong></span> <span class='ocrx_word' id='word_1_358' title='bbox 2485 1740 2620 1790; x_wconf 91' lang='lat' dir='ltr'><strong>sunt</strong></span> <span class='ocrx_word' id='word_1_359' title='bbox 2645 1733 2846 1791; x_wconf 88' lang='lat' dir='ltr'><strong>omnia</strong></span> 
     </span>
     <span class='ocr_line' id='line_1_98' title="bbox 2307 1825 2844 1903; baseline 0 -20"><span class='ocrx_word' id='word_1_360' title='bbox 2307 1825 2628 1883; x_wconf 88' lang='lat' dir='ltr'><strong>secundum</strong></span> <span class='ocrx_word' id='word_1_361' title='bbox 2651 1825 2844 1903; x_wconf 90' lang='lat' dir='ltr'><strong>legem</strong></span> 
     </span>
     <span class='ocr_line' id='line_1_99' title="bbox 2306 1917 2927 1978; baseline 0.002 -1"><span class='ocrx_word' id='word_1_362' title='bbox 2306 1917 2407 1977; x_wconf 72' lang='lat' dir='ltr'><strong>dni</strong></span> <span class='ocrx_word' id='word_1_363' title='bbox 2426 1949 2441 1965; x_wconf 91' lang='lat'><strong>·</strong></span> <span class='ocrx_word' id='word_1_364' title='bbox 2516 1917 2760 1978; x_wconf 88' lang='lat' dir='ltr'><strong>Reuersi</strong></span> <span class='ocrx_word' id='word_1_365' title='bbox 2789 1929 2927 1978; x_wconf 90' lang='lat' dir='ltr'><strong>sunt</strong></span> 
     </span>
     <span class='ocr_line' id='line_1_100' title="bbox 2305 2011 2897 2089; baseline 0.003 -19"><span class='ocrx_word' id='word_1_366' title='bbox 2305 2012 2367 2070; x_wconf 92' lang='lat' dir='ltr'><strong>in</strong></span> <span class='ocrx_word' id='word_1_367' title='bbox 2394 2011 2664 2089; x_wconf 80' lang='lat' dir='ltr'><strong>galileam</strong></span> <span class='ocrx_word' id='word_1_368' title='bbox 2691 2012 2750 2071; x_wconf 87' lang='lat' dir='ltr'><strong>in</strong></span> <span class='ocrx_word' id='word_1_369' title='bbox 2780 2014 2897 2072; x_wconf 88' lang='lat' dir='ltr'><strong>ciui</strong></span> 
     </span>
     <span class='ocr_line' id='line_1_101' title="bbox 2302 2114 2844 2165; baseline 0.002 -1"><span class='ocrx_word' id='word_1_370' title='bbox 2302 2114 2480 2164; x_wconf 83' lang='lat' dir='ltr'><strong>tatem</strong></span> <span class='ocrx_word' id='word_1_371' title='bbox 2509 2124 2676 2165; x_wconf 89' lang='lat' dir='ltr'><strong>suam</strong></span> <span class='ocrx_word' id='word_1_372' title='bbox 2695 2124 2844 2165; x_wconf 84' lang='lat' dir='ltr'><strong>naza</strong></span> 
     </span>
     <span class='ocr_line' id='line_1_102' title="bbox 2303 2198 2924 2261; baseline 0.003 -2"><span class='ocrx_word' id='word_1_373' title='bbox 2303 2200 2432 2259; x_wconf 89' lang='lat' dir='ltr'><strong>reth</strong></span> <span class='ocrx_word' id='word_1_374' title='bbox 2455 2231 2470 2247; x_wconf 92' lang='lat'><strong>·</strong></span> <span class='ocrx_word' id='word_1_375' title='bbox 2495 2231 2510 2247; x_wconf 91' lang='lat'><strong>·</strong></span> <span class='ocrx_word' id='word_1_376' title='bbox 2552 2198 2599 2233; x_wconf 84' lang='lat'><strong>⁴⁰</strong></span> <span class='ocrx_word' id='word_1_377' title='bbox 2615 2200 2766 2259; x_wconf 91' lang='lat' dir='ltr'><strong>Puer</strong></span> <span class='ocrx_word' id='word_1_378' title='bbox 2791 2204 2924 2261; x_wconf 67' lang='lat' dir='ltr'><strong>aute</strong></span> 
     </span>
     <span class='ocr_line' id='line_1_103' title="bbox 2303 2294 2822 2355; baseline 0.006 -3"><span class='ocrx_word' id='word_1_379' title='bbox 2303 2294 2604 2353; x_wconf 85' lang='lat' dir='ltr'><strong>crescebat</strong></span> <span class='ocrx_word' id='word_1_380' title='bbox 2631 2304 2688 2354; x_wconf 92' lang='lat' dir='ltr'><strong>et</strong></span> <span class='ocrx_word' id='word_1_381' title='bbox 2704 2312 2822 2355; x_wconf 87' lang='lat' dir='ltr'><strong>con</strong></span> 
     </span>
    </p>
   </div>
   <div class='ocr_carea' id='block_1_11' title="bbox 2300 2423 3008 4368">
    <p class='ocr_par' dir='ltr' id='par_1_25' title="bbox 2304 2423 2801 2502">
     <span class='ocr_line' id='line_1_104' title="bbox 2304 2423 2801 2502; baseline 0.004 -19"><span class='ocrx_word' id='word_1_382' title='bbox 2304 2423 2625 2484; x_wconf 82' lang='lat' dir='ltr'><strong>sortabatur</strong></span> <span class='ocrx_word' id='word_1_383' title='bbox 2653 2430 2764 2502; x_wconf 70' lang='lat' dir='ltr'><strong>spu</strong></span> <span class='ocrx_word' id='word_1_384' title='bbox 2786 2456 2801 2472; x_wconf 91' lang='lat'><strong>·</strong></span> 
     </span>
    </p>

    <p class='ocr_par' dir='ltr' id='par_1_26' title="bbox 2305 2519 2895 2598">
     <span class='ocr_line' id='line_1_105' title="bbox 2305 2519 2895 2598; baseline -0.003 -17"><span class='ocrx_word' id='word_1_385' title='bbox 2305 2528 2363 2581; x_wconf 88' lang='lat' dir='ltr'><strong>et</strong></span> <span class='ocrx_word' id='word_1_386' title='bbox 2391 2519 2740 2598; x_wconf 87' lang='lat' dir='ltr'><strong>implebatur</strong></span> <span class='ocrx_word' id='word_1_387' title='bbox 2766 2520 2895 2598; x_wconf 86' lang='lat' dir='ltr'><strong>sapi</strong></span> 
     </span>
    </p>

    <p class='ocr_par' dir='ltr' id='par_1_27' title="bbox 2303 2613 2884 2691">
     <span class='ocr_line' id='line_1_106' title="bbox 2303 2613 2884 2691; baseline 0.003 -20"><span class='ocrx_word' id='word_1_388' title='bbox 2303 2613 2461 2672; x_wconf 87' lang='lat' dir='ltr'><strong>entia</strong></span> <span class='ocrx_word' id='word_1_389' title='bbox 2529 2623 2588 2673; x_wconf 90' lang='lat' dir='ltr'><strong>et</strong></span> <span class='ocrx_word' id='word_1_390' title='bbox 2613 2615 2798 2691; x_wconf 86' lang='lat' dir='ltr'><strong>gratia</strong></span> <span class='ocrx_word' id='word_1_391' title='bbox 2825 2615 2884 2672; x_wconf 85' lang='lat' dir='ltr'><strong>di</strong></span> 
     </span>
    </p>

    <p class='ocr_par' dir='ltr' id='par_1_28' title="bbox 2303 2706 2984 2768">
     <span class='ocr_line' id='line_1_107' title="bbox 2303 2706 2984 2768; baseline 0.003 -2"><span class='ocrx_word' id='word_1_392' title='bbox 2303 2715 2424 2767; x_wconf 88' lang='lat' dir='ltr'><strong>erat</strong></span> <span class='ocrx_word' id='word_1_393' title='bbox 2451 2725 2588 2767; x_wconf 90' lang='lat' dir='ltr'><strong>cum</strong></span> <span class='ocrx_word' id='word_1_394' title='bbox 2617 2708 2714 2767; x_wconf 92' lang='lat' dir='ltr'><strong>illo</strong></span> <span class='ocrx_word' id='word_1_395' title='bbox 2740 2740 2755 2755; x_wconf 94' lang='lat'><strong>·</strong></span> <span class='ocrx_word' id='word_1_396' title='bbox 2798 2706 2842 2740; x_wconf 85' lang='lat'><strong>⁴¹</strong></span> <span class='ocrx_word' id='word_1_397' title='bbox 2859 2709 2938 2768; x_wconf 90' lang='lat' dir='ltr'><strong>Et</strong></span> <span class='ocrx_word' id='word_1_398' title='bbox 2965 2709 2984 2767; x_wconf 93' lang='lat' dir='ltr'><strong>i</strong></span> 
     </span>
    </p>

    <p class='ocr_par' dir='ltr' id='par_1_29' title="bbox 2303 2803 2882 2878">
     <span class='ocr_line' id='line_1_108' title="bbox 2303 2803 2882 2878; baseline 0.005 -19"><span class='ocrx_word' id='word_1_399' title='bbox 2303 2803 2445 2860; x_wconf 91' lang='lat' dir='ltr'><strong>bant</strong></span> <span class='ocrx_word' id='word_1_400' title='bbox 2465 2812 2735 2878; x_wconf 88' lang='lat' dir='ltr'><strong>parentes</strong></span> <span class='ocrx_word' id='word_1_401' title='bbox 2755 2803 2882 2862; x_wconf 87' lang='lat' dir='ltr'><strong>eius</strong></span> 
     </span>
    </p>

    <p class='ocr_par' dir='ltr' id='par_1_30' title="bbox 2304 2913 2866 2972">
     <span class='ocr_line' id='line_1_109' title="bbox 2304 2913 2866 2972; baseline 0.004 -18"><span class='ocrx_word' id='word_1_402' title='bbox 2304 2913 2408 2972; x_wconf 90' lang='lat' dir='ltr'><strong>per</strong></span> <span class='ocrx_word' id='word_1_403' title='bbox 2435 2913 2646 2955; x_wconf 89' lang='lat' dir='ltr'><strong>omnes</strong></span> <span class='ocrx_word' id='word_1_404' title='bbox 2675 2914 2866 2956; x_wconf 86' lang='lat' dir='ltr'><strong>annos</strong></span> 
     </span>
    </p>

    <p class='ocr_par' dir='ltr' id='par_1_31' title="bbox 2303 2987 2841 3050">
     <span class='ocr_line' id='line_1_110' title="bbox 2303 2987 2841 3050; baseline 0.006 -4"><span class='ocrx_word' id='word_1_405' title='bbox 2303 2989 2363 3046; x_wconf 91' lang='lat' dir='ltr'><strong>in</strong></span> <span class='ocrx_word' id='word_1_406' title='bbox 2391 2987 2739 3050; x_wconf 88' lang='lat' dir='ltr'><strong>hierusalem</strong></span> <span class='ocrx_word' id='word_1_407' title='bbox 2779 2991 2841 3049; x_wconf 90' lang='lat' dir='ltr'><strong>in</strong></span> 
     </span>
    </p>

    <p class='ocr_par' dir='ltr' id='par_1_32' title="bbox 2303 3079 3004 3162">
     <span class='ocr_line' id='line_1_111' title="bbox 2303 3079 3004 3162; baseline 0.006 -22"><span class='ocrx_word' id='word_1_408' title='bbox 2303 3082 2426 3141; x_wconf 91' lang='lat' dir='ltr'><strong>dies</strong></span> <span class='ocrx_word' id='word_1_409' title='bbox 2455 3079 2756 3144; x_wconf 84' lang='lat' dir='ltr'><strong>sollemnis</strong></span> <span class='ocrx_word' id='word_1_410' title='bbox 2785 3083 3004 3162; x_wconf 88' lang='lat' dir='ltr'><strong>pasche</strong></span> 
     </span>
    </p>

    <p class='ocr_par' dir='ltr' id='par_1_33' title="bbox 2301 3173 2990 3238">
     <span class='ocr_line' id='line_1_112' title="bbox 2301 3173 2990 3238; baseline 0.003 -3"><span class='ocrx_word' id='word_1_411' title='bbox 2301 3173 2346 3208; x_wconf 81' lang='lat'><strong>⁴²</strong></span> <span class='ocrx_word' id='word_1_412' title='bbox 2363 3176 2440 3235; x_wconf 91' lang='lat' dir='ltr'><strong>Et</strong></span> <span class='ocrx_word' id='word_1_413' title='bbox 2466 3195 2604 3237; x_wconf 90' lang='lat' dir='ltr'><strong>cum</strong></span> <span class='ocrx_word' id='word_1_414' title='bbox 2629 3178 2768 3237; x_wconf 87' lang='lat' dir='ltr'><strong>facti</strong></span> <span class='ocrx_word' id='word_1_415' title='bbox 2797 3187 2990 3238; x_wconf 88' lang='lat' dir='ltr'><strong>essent</strong></span> 
     </span>
    </p>

    <p class='ocr_par' dir='ltr' id='par_1_34' title="bbox 2301 3271 2921 3331">
     <span class='ocr_line' id='line_1_113' title="bbox 2301 3271 2921 3331; baseline 0.003 -2"><span class='ocrx_word' id='word_1_416' title='bbox 2301 3271 2381 3330; x_wconf 92' lang='lat' dir='ltr'><strong>illi</strong></span> <span class='ocrx_word' id='word_1_417' title='bbox 2407 3273 2548 3330; x_wconf 89' lang='lat' dir='ltr'><strong>anni</strong></span> <span class='ocrx_word' id='word_1_418' title='bbox 2575 3272 2888 3331; x_wconf 83' lang='lat' dir='ltr'><strong>duodedici</strong></span> <span class='ocrx_word' id='word_1_419' title='bbox 2904 3303 2921 3319; x_wconf 90' lang='lat'><strong>·</strong></span> 
     </span>
    </p>

    <p class='ocr_par' dir='ltr' id='par_1_35' title="bbox 2301 3365 2892 3426">
     <span class='ocr_line' id='line_1_114' title="bbox 2301 3365 2892 3426; baseline 0.003 -3"><span class='ocrx_word' id='word_1_420' title='bbox 2301 3365 2754 3424; x_wconf 87' lang='lat' dir='ltr'><strong>ascendentibus</strong></span> <span class='ocrx_word' id='word_1_421' title='bbox 2781 3365 2892 3426; x_wconf 91' lang='lat' dir='ltr'><strong>illis</strong></span> 
     </span>
    </p>

    <p class='ocr_par' dir='ltr' id='par_1_36' title="bbox 2300 3458 2814 3536">
     <span class='ocr_line' id='line_1_115' title="bbox 2300 3458 2814 3536; baseline 0.002 -19"><span class='ocrx_word' id='word_1_422' title='bbox 2300 3459 2362 3517; x_wconf 92' lang='lat' dir='ltr'><strong>in</strong></span> <span class='ocrx_word' id='word_1_423' title='bbox 2390 3458 2778 3536; x_wconf 87' lang='lat' dir='ltr'><strong>hierosolyma</strong></span> <span class='ocrx_word' id='word_1_424' title='bbox 2799 3491 2814 3506; x_wconf 91' lang='lat'><strong>·</strong></span> 
     </span>
    </p>

    <p class='ocr_par' dir='ltr' id='par_1_37' title="bbox 2302 3553 2876 3615">
     <span class='ocr_line' id='line_1_116' title="bbox 2302 3553 2876 3615; baseline 0.005 -3"><span class='ocrx_word' id='word_1_425' title='bbox 2302 3553 2627 3612; x_wconf 89' lang='lat' dir='ltr'><strong>secundum</strong></span> <span class='ocrx_word' id='word_1_426' title='bbox 2655 3572 2876 3615; x_wconf 88' lang='lat' dir='ltr'><strong>consue</strong></span> 
     </span>
    </p>

    <p class='ocr_par' dir='ltr' id='par_1_38' title="bbox 2301 3647 2902 3708">
     <span class='ocr_line' id='line_1_117' title="bbox 2301 3647 2902 3708; baseline 0.003 -2"><span class='ocrx_word' id='word_1_427' title='bbox 2301 3647 2565 3706; x_wconf 87' lang='lat' dir='ltr'><strong>tudinem</strong></span> <span class='ocrx_word' id='word_1_428' title='bbox 2593 3648 2708 3708; x_wconf 91' lang='lat' dir='ltr'><strong>diei</strong></span> <span class='ocrx_word' id='word_1_429' title='bbox 2735 3648 2866 3708; x_wconf 89' lang='lat' dir='ltr'><strong>festi</strong></span> <span class='ocrx_word' id='word_1_430' title='bbox 2887 3680 2902 3696; x_wconf 93' lang='lat'><strong>·</strong></span> 
     </span>
    </p>

    <p class='ocr_par' dir='ltr' id='par_1_39' title="bbox 2301 3739 2970 3822">
     <span class='ocr_line' id='line_1_118' title="bbox 2301 3739 2970 3822; baseline 0.006 -22"><span class='ocrx_word' id='word_1_431' title='bbox 2301 3741 2346 3774; x_wconf 77' lang='lat'><strong>⁴³</strong></span> <span class='ocrx_word' id='word_1_432' title='bbox 2365 3739 2859 3822; x_wconf 79' lang='lat' dir='ltr'><strong>Consfimatisque</strong></span> <span class='ocrx_word' id='word_1_433' title='bbox 2877 3743 2970 3804; x_wconf 91' lang='lat' dir='ltr'><strong>die</strong></span> 
     </span>
    </p>

    <p class='ocr_par' dir='ltr' id='par_1_40' title="bbox 2303 3835 3006 3920">
     <span class='ocr_line' id='line_1_119' title="bbox 2303 3835 3006 3920; baseline 0.006 -27"><span class='ocrx_word' id='word_1_434' title='bbox 2303 3836 2722 3895; x_wconf 90' lang='lat' dir='ltr'><strong>cumredirent·</strong></span> <span class='ocrx_word' id='word_1_435' title='bbox 2741 3855 2803 3896; x_wconf 91' lang='lat' dir='ltr'><strong>re</strong></span> <span class='ocrx_word' id='word_1_436' title='bbox 2869 3835 3006 3920; x_wconf 88' lang='lat' dir='ltr'><strong>[bus</strong></span> 
     </span>
    </p>

    <p class='ocr_par' dir='ltr' id='par_1_41' title="bbox 2303 3929 2895 4008">
     <span class='ocr_line' id='line_1_120' title="bbox 2303 3929 2895 4008; baseline 0.003 -20"><span class='ocrx_word' id='word_1_437' title='bbox 2303 3929 2517 3988; x_wconf 89' lang='lat' dir='ltr'><strong>mansit</strong></span> <span class='ocrx_word' id='word_1_438' title='bbox 2544 3929 2634 3990; x_wconf 83' lang='lat' dir='ltr'><strong>ihs</strong></span> <span class='ocrx_word' id='word_1_439' title='bbox 2662 3949 2808 4008; x_wconf 89' lang='lat' dir='ltr'><strong>puer</strong></span> <span class='ocrx_word' id='word_1_440' title='bbox 2835 3933 2895 3990; x_wconf 90' lang='lat' dir='ltr'><strong>in</strong></span> 
     </span>
    </p>

    <p class='ocr_par' dir='ltr' id='par_1_42' title="bbox 2303 4023 2984 4086">
     <span class='ocr_line' id='line_1_121' title="bbox 2303 4023 2984 4086; baseline 0.004 -4"><span class='ocrx_word' id='word_1_441' title='bbox 2303 4023 2652 4083; x_wconf 88' lang='lat' dir='ltr'><strong>hierusalem</strong></span> <span class='ocrx_word' id='word_1_442' title='bbox 2677 4055 2690 4072; x_wconf 93' lang='lat'><strong>·</strong></span> <span class='ocrx_word' id='word_1_443' title='bbox 2755 4025 2834 4084; x_wconf 92' lang='lat' dir='ltr'><strong>Et</strong></span> <span class='ocrx_word' id='word_1_444' title='bbox 2861 4043 2984 4086; x_wconf 90' lang='lat' dir='ltr'><strong>non</strong></span> 
     </span>
    </p>

    <p class='ocr_par' dir='ltr' id='par_1_43' title="bbox 2305 4119 2866 4196">
     <span class='ocr_line' id='line_1_122' title="bbox 2305 4119 2866 4196; baseline 0.007 -21"><span class='ocrx_word' id='word_1_445' title='bbox 2305 4119 2548 4194; x_wconf 89' lang='lat' dir='ltr'><strong>agnouit</strong></span> <span class='ocrx_word' id='word_1_446' title='bbox 2575 4119 2778 4196; x_wconf 88' lang='lat' dir='ltr'><strong>ioseph</strong></span> <span class='ocrx_word' id='word_1_447' title='bbox 2791 4129 2866 4179; x_wconf 90' lang='lat' dir='ltr'><strong>·et</strong></span> 
     </span>
    </p>

    <p class='ocr_par' dir='ltr' id='par_1_44' title="bbox 2304 4211 3008 4368">
     <span class='ocr_line' id='line_1_123' title="bbox 2304 4211 3008 4275; baseline 0.007 -5"><span class='ocrx_word' id='word_1_448' title='bbox 2304 4221 2488 4270; x_wconf 85' lang='lat' dir='ltr'><strong>mater</strong></span> <span class='ocrx_word' id='word_1_449' title='bbox 2503 4211 2628 4274; x_wconf 87' lang='lat' dir='ltr'><strong>eius</strong></span> <span class='ocrx_word' id='word_1_450' title='bbox 2641 4243 2654 4260; x_wconf 86' lang='lat'><strong>·</strong></span> <span class='ocrx_word' id='word_1_451' title='bbox 2675 4213 3008 4275; x_wconf 78' lang='lat' dir='ltr'><strong>“Existima</strong></span> 
     </span>
     <span class='ocr_line' id='line_1_124' title="bbox 2865 4308 3006 4368; baseline 0.007 -1"><span class='ocrx_word' id='word_1_452' title='bbox 2865 4308 3006 4368; x_wconf 85' lang='lat' dir='ltr'><strong>bant</strong></span> 
     </span>
    </p>
   </div>
   <div class='ocr_carea' id='block_1_12' title="bbox 3467 352 3770 417">
    <p class='ocr_par' dir='ltr' id='par_1_45' title="bbox 3467 352 3770 417">
     <span class='ocr_line' id='line_1_125' title="bbox 3467 352 3770 417; baseline 0.003 -15"><span class='ocrx_word' id='word_1_453' title='bbox 3467 352 3562 417; x_wconf 87' lang='grc' dir='ltr'><strong>[ΙΙ.</strong></span> <span class='ocrx_word' id='word_1_454' title='bbox 3587 363 3770 417; x_wconf 73' lang='lat'>21-51.</span> 
     </span>
    </p>
   </div>
   <div class='ocr_carea' id='block_1_13' title="bbox 3055 508 3719 2372">
    <p class='ocr_par' dir='ltr' id='par_1_46' title="bbox 3057 508 3700 1340">
     <span class='ocr_line' id='line_1_126' title="bbox 3059 508 3654 569; baseline 0 0"><span class='ocrx_word' id='word_1_455' title='bbox 3059 508 3224 569; x_wconf 90' lang='lat' dir='ltr'><strong>illum</strong></span> <span class='ocrx_word' id='word_1_456' title='bbox 3249 526 3379 569; x_wconf 88' lang='lat' dir='ltr'><strong>esse</strong></span> <span class='ocrx_word' id='word_1_457' title='bbox 3407 508 3470 568; x_wconf 90' lang='lat' dir='ltr'><strong>in</strong></span> <span class='ocrx_word' id='word_1_458' title='bbox 3498 508 3654 569; x_wconf 88' lang='lat' dir='ltr'><strong>comi</strong></span> 
     </span>
     <span class='ocr_line' id='line_1_127' title="bbox 3057 603 3583 664; baseline -0.006 0"><span class='ocrx_word' id='word_1_459' title='bbox 3057 613 3180 664; x_wconf 89' lang='lat' dir='ltr'><strong>tatu</strong></span> <span class='ocrx_word' id='word_1_460' title='bbox 3249 614 3536 664; x_wconf 89' lang='lat' dir='ltr'><strong>uenerunt</strong></span> <span class='ocrx_word' id='word_1_461' title='bbox 3561 603 3583 661; x_wconf 94' lang='lat' dir='ltr'><strong>i</strong></span> 
     </span>
     <span class='ocr_line' id='line_1_128' title="bbox 3059 697 3632 775; baseline -0.007 -16"><span class='ocrx_word' id='word_1_462' title='bbox 3059 708 3148 759; x_wconf 89' lang='lat' dir='ltr'><strong>ter</strong></span> <span class='ocrx_word' id='word_1_463' title='bbox 3181 698 3295 758; x_wconf 90' lang='lat' dir='ltr'><strong>diei</strong></span> <span class='ocrx_word' id='word_1_464' title='bbox 3321 707 3382 757; x_wconf 92' lang='lat' dir='ltr'><strong>et</strong></span> <span class='ocrx_word' id='word_1_465' title='bbox 3407 697 3632 775; x_wconf 87' lang='lat' dir='ltr'><strong>require</strong></span> 
     </span>
     <span class='ocr_line' id='line_1_129' title="bbox 3061 792 3692 868; baseline -0.003 -17"><span class='ocrx_word' id='word_1_466' title='bbox 3061 794 3206 852; x_wconf 90' lang='lat' dir='ltr'><strong>bant</strong></span> <span class='ocrx_word' id='word_1_467' title='bbox 3231 811 3366 853; x_wconf 90' lang='lat' dir='ltr'><strong>eum</strong></span> <span class='ocrx_word' id='word_1_468' title='bbox 3397 792 3546 850; x_wconf 89' lang='lat' dir='ltr'><strong>inter</strong></span> <span class='ocrx_word' id='word_1_469' title='bbox 3573 808 3692 868; x_wconf 92' lang='lat' dir='ltr'><strong>cog</strong></span> 
     </span>
     <span class='ocr_line' id='line_1_130' title="bbox 3061 883 3700 946; baseline -0.003 -1"><span class='ocrx_word' id='word_1_470' title='bbox 3061 896 3232 946; x_wconf 88' lang='lat' dir='ltr'><strong>natos</strong></span> <span class='ocrx_word' id='word_1_471' title='bbox 3260 896 3316 945; x_wconf 90' lang='lat' dir='ltr'><strong>et</strong></span> <span class='ocrx_word' id='word_1_472' title='bbox 3343 895 3518 945; x_wconf 89' lang='lat' dir='ltr'><strong>notos</strong></span> <span class='ocrx_word' id='word_1_473' title='bbox 3571 883 3618 917; x_wconf 77' lang='lat'><strong>⁴⁸</strong></span> <span class='ocrx_word' id='word_1_474' title='bbox 3639 893 3700 945; x_wconf 82' lang='lat' dir='ltr'><strong>et</strong></span> 
     </span>
     <span class='ocr_line' id='line_1_131' title="bbox 3061 980 3575 1040; baseline -0.002 -2"><span class='ocrx_word' id='word_1_475' title='bbox 3061 998 3184 1040; x_wconf 91' lang='lat' dir='ltr'><strong>non</strong></span> <span class='ocrx_word' id='word_1_476' title='bbox 3213 980 3575 1039; x_wconf 88' lang='lat' dir='ltr'><strong>inuenientes</strong></span> 
     </span>
     <span class='ocr_line' id='line_1_132' title="bbox 3059 1074 3676 1150; baseline -0.005 -16"><span class='ocrx_word' id='word_1_477' title='bbox 3059 1091 3195 1134; x_wconf 90' lang='lat' dir='ltr'><strong>eum</strong></span> <span class='ocrx_word' id='word_1_478' title='bbox 3265 1074 3509 1150; x_wconf 84' lang='lat' dir='ltr'><strong>regressi</strong></span> <span class='ocrx_word' id='word_1_479' title='bbox 3541 1080 3676 1131; x_wconf 89' lang='lat' dir='ltr'><strong>sunt</strong></span> 
     </span>
     <span class='ocr_line' id='line_1_133' title="bbox 3057 1167 3580 1227; baseline -0.002 -2"><span class='ocrx_word' id='word_1_480' title='bbox 3057 1168 3120 1226; x_wconf 91' lang='lat' dir='ltr'><strong>in</strong></span> <span class='ocrx_word' id='word_1_481' title='bbox 3147 1167 3492 1227; x_wconf 84' lang='lat' dir='ltr'><strong>hierusalem</strong></span> <span class='ocrx_word' id='word_1_482' title='bbox 3517 1184 3580 1224; x_wconf 89' lang='lat' dir='ltr'><strong>re</strong></span> 
     </span>
     <span class='ocr_line' id='line_1_134' title="bbox 3059 1262 3518 1340; baseline -0.002 -21"><span class='ocrx_word' id='word_1_483' title='bbox 3059 1262 3354 1340; x_wconf 89' lang='lat' dir='ltr'><strong>quirentes</strong></span> <span class='ocrx_word' id='word_1_484' title='bbox 3380 1278 3518 1321; x_wconf 89' lang='lat' dir='ltr'><strong>eum</strong></span> 
     </span>
    </p>

    <p class='ocr_par' dir='ltr' id='par_1_47' title="bbox 3055 1355 3719 1885">
     <span class='ocr_line' id='line_1_135' title="bbox 3057 1355 3719 1432; baseline 0.002 -19"><span class='ocrx_word' id='word_1_485' title='bbox 3057 1356 3102 1389; x_wconf 78' lang='lat'><strong>⁴⁶</strong></span> <span class='ocrx_word' id='word_1_486' title='bbox 3119 1355 3200 1415; x_wconf 92' lang='lat' dir='ltr'><strong>Et</strong></span> <span class='ocrx_word' id='word_1_487' title='bbox 3226 1356 3443 1415; x_wconf 87' lang='lat' dir='ltr'><strong>sactum</strong></span> <span class='ocrx_word' id='word_1_488' title='bbox 3469 1364 3558 1414; x_wconf 90' lang='lat' dir='ltr'><strong>est</strong></span> <span class='ocrx_word' id='word_1_489' title='bbox 3583 1363 3719 1432; x_wconf 89' lang='lat' dir='ltr'><strong>post</strong></span> 
     </span>
     <span class='ocr_line' id='line_1_136' title="bbox 3055 1449 3615 1509; baseline -0.002 0"><span class='ocrx_word' id='word_1_490' title='bbox 3055 1449 3311 1509; x_wconf 90' lang='lat' dir='ltr'><strong>triduum</strong></span> <span class='ocrx_word' id='word_1_491' title='bbox 3329 1480 3344 1495; x_wconf 92' lang='lat'><strong>·</strong></span> <span class='ocrx_word' id='word_1_492' title='bbox 3403 1449 3615 1508; x_wconf 87' lang='lat' dir='ltr'><strong>inuene</strong></span> 
     </span>
     <span class='ocr_line' id='line_1_137' title="bbox 3056 1544 3618 1602; baseline -0.002 0"><span class='ocrx_word' id='word_1_493' title='bbox 3056 1552 3192 1602; x_wconf 88' lang='lat' dir='ltr'><strong>runt</strong></span> <span class='ocrx_word' id='word_1_494' title='bbox 3220 1544 3380 1602; x_wconf 89' lang='lat' dir='ltr'><strong>illum</strong></span> <span class='ocrx_word' id='word_1_495' title='bbox 3407 1544 3470 1601; x_wconf 89' lang='lat' dir='ltr'><strong>in</strong></span> <span class='ocrx_word' id='word_1_496' title='bbox 3497 1552 3618 1602; x_wconf 89' lang='lat' dir='ltr'><strong>tem</strong></span> 
     </span>
     <span class='ocr_line' id='line_1_138' title="bbox 3057 1637 3620 1715; baseline 0 -20"><span class='ocrx_word' id='word_1_497' title='bbox 3057 1637 3160 1715; x_wconf 91' lang='lat' dir='ltr'><strong>plo</strong></span> <span class='ocrx_word' id='word_1_498' title='bbox 3231 1637 3532 1696; x_wconf 88' lang='lat' dir='ltr'><strong>sedentem</strong></span> <span class='ocrx_word' id='word_1_499' title='bbox 3558 1638 3620 1696; x_wconf 90' lang='lat' dir='ltr'><strong>in</strong></span> 
     </span>
     <span class='ocr_line' id='line_1_139' title="bbox 3057 1730 3628 1791; baseline 0 -2"><span class='ocrx_word' id='word_1_500' title='bbox 3057 1730 3254 1791; x_wconf 89' lang='lat' dir='ltr'><strong>medio</strong></span> <span class='ocrx_word' id='word_1_501' title='bbox 3283 1732 3590 1791; x_wconf 88' lang='lat' dir='ltr'><strong>doctorum</strong></span> <span class='ocrx_word' id='word_1_502' title='bbox 3611 1760 3628 1777; x_wconf 89' lang='lat'><strong>·</strong></span> 
     </span>
     <span class='ocr_line' id='line_1_140' title="bbox 3057 1824 3549 1885; baseline -0.002 -2"><span class='ocrx_word' id='word_1_503' title='bbox 3057 1824 3390 1885; x_wconf 89' lang='lat' dir='ltr'><strong>audientem</strong></span> <span class='ocrx_word' id='word_1_504' title='bbox 3419 1824 3549 1883; x_wconf 89' lang='lat' dir='ltr'><strong>illos</strong></span> 
     </span>
    </p>

    <p class='ocr_par' dir='ltr' id='par_1_48' title="bbox 3057 1919 3536 1995">
     <span class='ocr_line' id='line_1_141' title="bbox 3057 1919 3536 1995; baseline -0.002 -17"><span class='ocrx_word' id='word_1_505' title='bbox 3057 1929 3117 1978; x_wconf 88' lang='lat' dir='ltr'><strong>et</strong></span> <span class='ocrx_word' id='word_1_506' title='bbox 3143 1919 3536 1995; x_wconf 66' lang='lat' dir='ltr'><strong>interrogante</strong></span> 
     </span>
    </p>

    <p class='ocr_par' dir='ltr' id='par_1_49' title="bbox 3057 2012 3661 2372">
     <span class='ocr_line' id='line_1_142' title="bbox 3057 2012 3661 2090; baseline -0.003 -18"><span class='ocrx_word' id='word_1_507' title='bbox 3057 2012 3188 2072; x_wconf 91' lang='lat' dir='ltr'><strong>illos</strong></span> <span class='ocrx_word' id='word_1_508' title='bbox 3210 2043 3227 2060; x_wconf 90' lang='lat'><strong>·</strong></span> <span class='ocrx_word' id='word_1_509' title='bbox 3269 2012 3315 2045; x_wconf 79' lang='lat'><strong>⁴⁷</strong></span> <span class='ocrx_word' id='word_1_510' title='bbox 3333 2012 3661 2090; x_wconf 88' lang='lat' dir='ltr'><strong>Stupebant</strong></span> 
     </span>
     <span class='ocr_line' id='line_1_143' title="bbox 3057 2106 3618 2184; baseline -0.004 -17"><span class='ocrx_word' id='word_1_511' title='bbox 3057 2116 3251 2167; x_wconf 89' lang='lat' dir='ltr'><strong>autem</strong></span> <span class='ocrx_word' id='word_1_512' title='bbox 3277 2124 3488 2166; x_wconf 88' lang='lat' dir='ltr'><strong>omnes</strong></span> <span class='ocrx_word' id='word_1_513' title='bbox 3515 2106 3618 2184; x_wconf 89' lang='lat' dir='ltr'><strong>qui</strong></span> 
     </span>
     <span class='ocr_line' id='line_1_144' title="bbox 3057 2200 3538 2260; baseline -0.002 0"><span class='ocrx_word' id='word_1_514' title='bbox 3057 2218 3195 2260; x_wconf 86' lang='lat' dir='ltr'><strong>eum</strong></span> <span class='ocrx_word' id='word_1_515' title='bbox 3222 2200 3538 2260; x_wconf 89' lang='lat' dir='ltr'><strong>audiebant</strong></span> 
     </span>
     <span class='ocr_line' id='line_1_145' title="bbox 3058 2293 3584 2372; baseline 0 -19"><span class='ocrx_word' id='word_1_516' title='bbox 3058 2312 3232 2371; x_wconf 82' lang='lat' dir='ltr'><strong>super</strong></span> <span class='ocrx_word' id='word_1_517' title='bbox 3254 2293 3584 2372; x_wconf 83' lang='lat' dir='ltr'><strong>prudetiam</strong></span> 
     </span>
    </p>
   </div>
   <div class='ocr_carea' id='block_1_14' title="bbox 3053 2425 3762 4275">
    <p class='ocr_par' dir='ltr' id='par_1_50' title="bbox 3058 2425 3628 2503">
     <span class='ocr_line' id='line_1_146' title="bbox 3058 2425 3628 2503; baseline -0.002 -17"><span class='ocrx_word' id='word_1_518' title='bbox 3058 2434 3116 2486; x_wconf 90' lang='lat' dir='ltr'><strong>et</strong></span> <span class='ocrx_word' id='word_1_519' title='bbox 3142 2426 3438 2503; x_wconf 88' lang='lat' dir='ltr'><strong>responsis</strong></span> <span class='ocrx_word' id='word_1_520' title='bbox 3465 2425 3590 2485; x_wconf 82' lang='lat' dir='ltr'><strong>eius</strong></span> <span class='ocrx_word' id='word_1_521' title='bbox 3613 2456 3628 2471; x_wconf 95' lang='lat'><strong>·</strong></span> 
     </span>
    </p>

    <p class='ocr_par' dir='ltr' id='par_1_51' title="bbox 3059 2519 3761 2768">
     <span class='ocr_line' id='line_1_147' title="bbox 3059 2519 3761 2596; baseline 0.001 -17"><span class='ocrx_word' id='word_1_522' title='bbox 3059 2520 3104 2554; x_wconf 82' lang='lat'><strong>⁴⁸</strong></span> <span class='ocrx_word' id='word_1_523' title='bbox 3119 2520 3196 2579; x_wconf 88' lang='lat' dir='ltr'><strong>Et</strong></span> <span class='ocrx_word' id='word_1_524' title='bbox 3223 2519 3373 2579; x_wconf 87' lang='lat' dir='ltr'><strong>uisio</strong></span> <span class='ocrx_word' id='word_1_525' title='bbox 3401 2519 3500 2578; x_wconf 93' lang='lat' dir='ltr'><strong>illo</strong></span> <span class='ocrx_word' id='word_1_526' title='bbox 3530 2537 3761 2596; x_wconf 86' lang='lat' dir='ltr'><strong>expaue</strong></span> 
     </span>
     <span class='ocr_line' id='line_1_148' title="bbox 3059 2613 3670 2672; baseline 0 0"><span class='ocrx_word' id='word_1_527' title='bbox 3059 2622 3193 2672; x_wconf 91' lang='lat' dir='ltr'><strong>runt</strong></span> <span class='ocrx_word' id='word_1_528' title='bbox 3213 2644 3229 2661; x_wconf 94' lang='lat'><strong>·</strong></span> <span class='ocrx_word' id='word_1_529' title='bbox 3293 2613 3370 2672; x_wconf 91' lang='lat' dir='ltr'><strong>Et</strong></span> <span class='ocrx_word' id='word_1_530' title='bbox 3395 2613 3544 2672; x_wconf 81' lang='lat' dir='ltr'><strong>dixit</strong></span> <span class='ocrx_word' id='word_1_531' title='bbox 3569 2631 3670 2672; x_wconf 88' lang='lat' dir='ltr'><strong>ma</strong></span> 
     </span>
     <span class='ocr_line' id='line_1_149' title="bbox 3059 2707 3588 2768; baseline 0 -2"><span class='ocrx_word' id='word_1_532' title='bbox 3059 2717 3144 2768; x_wconf 90' lang='lat' dir='ltr'><strong>ter</strong></span> <span class='ocrx_word' id='word_1_533' title='bbox 3171 2708 3297 2767; x_wconf 88' lang='lat' dir='ltr'><strong>eius</strong></span> <span class='ocrx_word' id='word_1_534' title='bbox 3323 2707 3401 2766; x_wconf 87' lang='lat' dir='ltr'><strong>ad</strong></span> <span class='ocrx_word' id='word_1_535' title='bbox 3426 2707 3588 2766; x_wconf 88' lang='lat' dir='ltr'><strong>illum</strong></span> 
     </span>
    </p>

    <p class='ocr_par' dir='ltr' id='par_1_52' title="bbox 3057 2800 3677 3068">
     <span class='ocr_line' id='line_1_150' title="bbox 3057 2800 3644 2880; baseline 0 -19"><span class='ocrx_word' id='word_1_536' title='bbox 3057 2802 3140 2861; x_wconf 88' lang='lat' dir='ltr'><strong>fili</strong></span> <span class='ocrx_word' id='word_1_537' title='bbox 3167 2801 3309 2880; x_wconf 89' lang='lat' dir='ltr'><strong>quid</strong></span> <span class='ocrx_word' id='word_1_538' title='bbox 3334 2800 3523 2860; x_wconf 83' lang='lat' dir='ltr'><strong>fecisti</strong></span> <span class='ocrx_word' id='word_1_539' title='bbox 3563 2819 3644 2861; x_wconf 92' lang='lat' dir='ltr'><strong>no</strong></span> 
     </span>
     <span class='ocr_line' id='line_1_151' title="bbox 3058 2897 3677 2974; baseline 0.002 -18"><span class='ocrx_word' id='word_1_540' title='bbox 3058 2897 3148 2956; x_wconf 90' lang='lat' dir='ltr'><strong>bis</strong></span> <span class='ocrx_word' id='word_1_541' title='bbox 3177 2897 3260 2956; x_wconf 92' lang='lat' dir='ltr'><strong>sic</strong></span> <span class='ocrx_word' id='word_1_542' title='bbox 3285 2927 3298 2942; x_wconf 93' lang='lat'><strong>·</strong></span> <span class='ocrx_word' id='word_1_543' title='bbox 3343 2914 3484 2956; x_wconf 90' lang='lat' dir='ltr'><strong>ecce</strong></span> <span class='ocrx_word' id='word_1_544' title='bbox 3509 2905 3677 2974; x_wconf 88' lang='lat' dir='ltr'><strong>pater</strong></span> 
     </span>
     <span class='ocr_line' id='line_1_152' title="bbox 3057 2989 3622 3068; baseline 0.002 -19"><span class='ocrx_word' id='word_1_545' title='bbox 3057 3000 3189 3049; x_wconf 87' lang='lat' dir='ltr'><strong>tuus</strong></span> <span class='ocrx_word' id='word_1_546' title='bbox 3215 3001 3274 3049; x_wconf 91' lang='lat' dir='ltr'><strong>et</strong></span> <span class='ocrx_word' id='word_1_547' title='bbox 3301 3009 3418 3068; x_wconf 90' lang='lat' dir='ltr'><strong>ego</strong></span> <span class='ocrx_word' id='word_1_548' title='bbox 3443 2989 3622 3051; x_wconf 89' lang='lat' dir='ltr'><strong>dolen</strong></span> 
     </span>
    </p>

    <p class='ocr_par' dir='ltr' id='par_1_53' title="bbox 3056 3085 3699 3446">
     <span class='ocr_line' id='line_1_153' title="bbox 3057 3085 3595 3163; baseline 0.002 -20"><span class='ocrx_word' id='word_1_549' title='bbox 3057 3095 3144 3144; x_wconf 88' lang='lat' dir='ltr'><strong>tes</strong></span> <span class='ocrx_word' id='word_1_550' title='bbox 3171 3093 3229 3144; x_wconf 91' lang='lat' dir='ltr'><strong>et</strong></span> <span class='ocrx_word' id='word_1_551' title='bbox 3257 3085 3445 3143; x_wconf 88' lang='lat' dir='ltr'><strong>tristes</strong></span> <span class='ocrx_word' id='word_1_552' title='bbox 3481 3103 3595 3163; x_wconf 88' lang='lat' dir='ltr'><strong>que</strong></span> 
     </span>
     <span class='ocr_line' id='line_1_154' title="bbox 3057 3178 3699 3238; baseline 0 0"><span class='ocrx_word' id='word_1_553' title='bbox 3057 3180 3328 3238; x_wconf 89' lang='lat' dir='ltr'><strong>rebamus</strong></span> <span class='ocrx_word' id='word_1_554' title='bbox 3355 3189 3412 3238; x_wconf 91' lang='lat' dir='ltr'><strong>te</strong></span> <span class='ocrx_word' id='word_1_555' title='bbox 3451 3180 3496 3212; x_wconf 82' lang='lat'><strong>⁴⁰</strong></span> <span class='ocrx_word' id='word_1_556' title='bbox 3513 3179 3590 3238; x_wconf 91' lang='lat' dir='ltr'><strong>Et</strong></span> <span class='ocrx_word' id='word_1_557' title='bbox 3617 3178 3699 3238; x_wconf 87' lang='lat' dir='ltr'><strong>ait</strong></span> 
     </span>
     <span class='ocr_line' id='line_1_155' title="bbox 3057 3273 3578 3352; baseline 0.002 -20"><span class='ocrx_word' id='word_1_558' title='bbox 3057 3273 3132 3332; x_wconf 91' lang='lat' dir='ltr'><strong>ad</strong></span> <span class='ocrx_word' id='word_1_559' title='bbox 3161 3274 3290 3332; x_wconf 86' lang='lat' dir='ltr'><strong>illos</strong></span> <span class='ocrx_word' id='word_1_560' title='bbox 3319 3273 3461 3352; x_wconf 89' lang='lat' dir='ltr'><strong>quid</strong></span> <span class='ocrx_word' id='word_1_561' title='bbox 3487 3283 3578 3333; x_wconf 91' lang='lat' dir='ltr'><strong>est</strong></span> 
     </span>
     <span class='ocr_line' id='line_1_156' title="bbox 3056 3367 3625 3446; baseline 0.004 -20"><span class='ocrx_word' id='word_1_562' title='bbox 3056 3367 3218 3445; x_wconf 94' lang='lat' dir='ltr'><strong>quod</strong></span> <span class='ocrx_word' id='word_1_563' title='bbox 3245 3386 3342 3427; x_wconf 89' lang='lat' dir='ltr'><strong>me</strong></span> <span class='ocrx_word' id='word_1_564' title='bbox 3367 3369 3625 3446; x_wconf 82' lang='lat' dir='ltr'><strong>quereba</strong></span> 
     </span>
    </p>

    <p class='ocr_par' dir='ltr' id='par_1_54' title="bbox 3053 3459 3677 3634">
     <span class='ocr_line' id='line_1_157' title="bbox 3055 3459 3677 3540; baseline 0.003 -20"><span class='ocrx_word' id='word_1_565' title='bbox 3055 3463 3130 3520; x_wconf 85' lang='lat' dir='ltr'><strong>tis</strong></span> <span class='ocrx_word' id='word_1_566' title='bbox 3153 3493 3166 3508; x_wconf 93' lang='lat'><strong>·</strong></span> <span class='ocrx_word' id='word_1_567' title='bbox 3233 3461 3486 3521; x_wconf 88' lang='lat' dir='ltr'><strong>Nescitis</strong></span> <span class='ocrx_word' id='word_1_568' title='bbox 3515 3459 3677 3540; x_wconf 90' lang='lat' dir='ltr'><strong>quod</strong></span> 
     </span>
     <span class='ocr_line' id='line_1_158' title="bbox 3053 3555 3637 3634; baseline 0.005 -21"><span class='ocrx_word' id='word_1_569' title='bbox 3053 3555 3117 3613; x_wconf 87' lang='lat' dir='ltr'><strong>in</strong></span> <span class='ocrx_word' id='word_1_570' title='bbox 3144 3556 3324 3632; x_wconf 85' lang='lat' dir='ltr'><strong>patris</strong></span> <span class='ocrx_word' id='word_1_571' title='bbox 3353 3557 3466 3614; x_wconf 87' lang='lat' dir='ltr'><strong>mei</strong></span> <span class='ocrx_word' id='word_1_572' title='bbox 3495 3565 3637 3634; x_wconf 86' lang='lat' dir='ltr'><strong>op⁰r</strong></span> 
     </span>
    </p>

    <p class='ocr_par' dir='ltr' id='par_1_55' title="bbox 3057 3649 3762 3992">
     <span class='ocr_line' id='line_1_159' title="bbox 3057 3649 3762 3728; baseline 0.003 -20"><span class='ocrx_word' id='word_1_573' title='bbox 3057 3657 3139 3708; x_wconf 89' lang='lat' dir='ltr'><strong>tet</strong></span> <span class='ocrx_word' id='word_1_574' title='bbox 3165 3667 3263 3709; x_wconf 91' lang='lat' dir='ltr'><strong>me</strong></span> <span class='ocrx_word' id='word_1_575' title='bbox 3291 3667 3422 3710; x_wconf 85' lang='lat' dir='ltr'><strong>esse</strong></span> <span class='ocrx_word' id='word_1_576' title='bbox 3441 3681 3456 3696; x_wconf 94' lang='lat'><strong>·</strong></span> <span class='ocrx_word' id='word_1_577' title='bbox 3499 3649 3622 3710; x_wconf 69' lang='lat' dir='ltr'><strong>”et</strong></span> <span class='ocrx_word' id='word_1_578' title='bbox 3647 3649 3762 3728; x_wconf 90' lang='lat' dir='ltr'><strong>ipsi</strong></span> 
     </span>
     <span class='ocr_line' id='line_1_160' title="bbox 3059 3743 3618 3804; baseline 0.005 -3"><span class='ocrx_word' id='word_1_579' title='bbox 3059 3761 3184 3804; x_wconf 89' lang='lat' dir='ltr'><strong>non</strong></span> <span class='ocrx_word' id='word_1_580' title='bbox 3212 3743 3618 3804; x_wconf 86' lang='lat' dir='ltr'><strong>intellexerunt</strong></span> 
     </span>
     <span class='ocr_line' id='line_1_161' title="bbox 3057 3839 3628 3916; baseline 0.007 -20"><span class='ocrx_word' id='word_1_581' title='bbox 3057 3839 3304 3897; x_wconf 87' lang='lat' dir='ltr'><strong>uerbum</strong></span> <span class='ocrx_word' id='word_1_582' title='bbox 3373 3839 3534 3916; x_wconf 92' lang='lat' dir='ltr'><strong>quod</strong></span> <span class='ocrx_word' id='word_1_583' title='bbox 3567 3839 3628 3900; x_wconf 92' lang='lat' dir='ltr'><strong>lo</strong></span> 
     </span>
     <span class='ocr_line' id='line_1_162' title="bbox 3059 3933 3609 3992; baseline 0.004 -2"><span class='ocrx_word' id='word_1_584' title='bbox 3059 3939 3229 3990; x_wconf 91' lang='lat' dir='ltr'><strong>cutus</strong></span> <span class='ocrx_word' id='word_1_585' title='bbox 3256 3942 3345 3992; x_wconf 88' lang='lat' dir='ltr'><strong>est</strong></span> <span class='ocrx_word' id='word_1_586' title='bbox 3375 3933 3448 3992; x_wconf 89' lang='lat' dir='ltr'><strong>ad</strong></span> <span class='ocrx_word' id='word_1_587' title='bbox 3477 3933 3609 3992; x_wconf 80' lang='lat' dir='ltr'><strong>illos</strong></span> 
     </span>
    </p>

    <p class='ocr_par' dir='ltr' id='par_1_56' title="bbox 3055 4023 3755 4275">
     <span class='ocr_line' id='line_1_163' title="bbox 3059 4023 3755 4088; baseline 0.004 -3"><span class='ocrx_word' id='word_1_588' title='bbox 3059 4023 3102 4059; x_wconf 78' lang='lat'><strong>⁶²</strong></span> <span class='ocrx_word' id='word_1_589' title='bbox 3120 4025 3198 4086; x_wconf 91' lang='lat' dir='ltr'><strong>Et</strong></span> <span class='ocrx_word' id='word_1_590' title='bbox 3225 4027 3525 4086; x_wconf 84' lang='lat' dir='ltr'><strong>descendit</strong></span> <span class='ocrx_word' id='word_1_591' title='bbox 3547 4045 3682 4088; x_wconf 89' lang='lat' dir='ltr'><strong>cum</strong></span> <span class='ocrx_word' id='word_1_592' title='bbox 3709 4027 3755 4088; x_wconf 90' lang='lat' dir='ltr'><strong>il</strong></span> 
     </span>
     <span class='ocr_line' id='line_1_164' title="bbox 3055 4120 3598 4182; baseline 0.006 -3"><span class='ocrx_word' id='word_1_593' title='bbox 3055 4120 3128 4180; x_wconf 86' lang='lat' dir='ltr'><strong>lis</strong></span> <span class='ocrx_word' id='word_1_594' title='bbox 3157 4131 3215 4182; x_wconf 90' lang='lat' dir='ltr'><strong>et</strong></span> <span class='ocrx_word' id='word_1_595' title='bbox 3242 4122 3402 4180; x_wconf 91' lang='lat' dir='ltr'><strong>uenit</strong></span> <span class='ocrx_word' id='word_1_596' title='bbox 3429 4122 3490 4180; x_wconf 90' lang='lat' dir='ltr'><strong>in</strong></span> <span class='ocrx_word' id='word_1_597' title='bbox 3517 4141 3598 4182; x_wconf 84' lang='lat' dir='ltr'><strong>na</strong></span> 
     </span>
     <span class='ocr_line' id='line_1_165' title="bbox 3060 4213 3489 4275; baseline 0 0"><span class='ocrx_word' id='word_1_598' title='bbox 3060 4213 3254 4275; x_wconf 87' lang='lat' dir='ltr'><strong>zareth</strong></span> <span class='ocrx_word' id='word_1_599' title='bbox 3281 4224 3341 4274; x_wconf 88' lang='lat' dir='ltr'><strong>et</strong></span> <span class='ocrx_word' id='word_1_600' title='bbox 3367 4227 3489 4275; x_wconf 89' lang='lat' dir='ltr'><strong>erat</strong></span> 
     </span>
    </p>
   </div>
   <div class='ocr_carea' id='block_1_15' title="bbox 3786 526 4042 577">
    <p class='ocr_par' dir='ltr' id='par_1_57' title="bbox 3786 526 4042 577">
     <span class='ocr_line' id='line_1_166' title="bbox 3786 526 4042 577; baseline 0 -2"><span class='ocrx_word' id='word_1_601' title='bbox 3786 526 3913 576; x_wconf 70' lang='lat'><strong>1¹01.</strong></span> <span class='ocrx_word' id='word_1_602' title='bbox 3941 528 4042 577; x_wconf 75' lang='lat'><strong>00.</strong></span> 
     </span>
    </p>
   </div>
   <div class='ocr_carea' id='block_1_16' title="bbox 4357 1634 4373 2474">
    <p class='ocr_par' dir='ltr' id='par_1_58' title="bbox 4357 1634 4373 2474">
     <span class='ocr_line' id='line_1_167' title="bbox 4357 1634 4373 2474; baseline 0 0"><span class='ocrx_word' id='word_1_603' title='bbox 4357 1634 4373 2474; x_wconf 95' lang='lat' dir='ltr'><strong> </strong></span> 
     </span>
    </p>
   </div>
  </div>
 </body>
</html>
