4373 5048
312 557 441 607 101.
461 559 557 609 99.

568 1128 655 1185 ‚et
680 1130 839 1179 utres
866 1121 1137 1197 peribunt

598 397 658 448 V.
685 398 882 463 37—V1.
906 394 1011 465 25]

1349 555 1561 617 licebat
1588 556 1887 617 manduca

1349 670 1410 710 re
1480 651 1589 709 nisi
1617 661 1843 710 tantum

1349 746 1747 805 sacerdotibus
1766 777 1781 792 ·

1348 838 1464 897 ⁵Et
1492 839 1722 898 dicebat
1748 838 1856 897 illis
1884 839 2023 917 quia

1349 932 1459 991 dfis
1485 943 1574 993 est
1601 933 1749 992 filius
1777 934 1857 992 ho

1347 1027 1521 1086 minis
1554 1029 1729 1087 etiam
1756 1028 1863 1087 sab

1346 1120 1467 1179 bati
1484 1152 1499 1167 ·
1541 1120 1823 1180 ‘Factum

1346 1224 1435 1273 est
1462 1224 1659 1273 autem
1678 1245 1693 1261 ·
1751 1226 1809 1274 et
1840 1214 1903 1273 in
1930 1213 2005 1274 ali

1348 1325 1389 1367 o
1418 1310 1663 1368 sabbato
1686 1340 1701 1355 ·
1762 1318 1827 1367 ut
1856 1309 1917 1367 in

1349 1410 1521 1461 traret
1546 1402 1607 1460 in
1636 1420 1863 1479 synago

1346 1514 1486 1573 gam
1526 1506 1584 1556 et
1616 1496 1850 1556 doceret
1869 1528 1883 1544 ·

1348 1600 1407 1649 et
1426 1600 1548 1649 erat
1575 1590 1655 1650 ibi
1682 1590 1865 1651 homo

1348 1694 1407 1743 et
1440 1702 1651 1743 manus
1679 1685 1803 1744 eius
1830 1684 1945 1744 dex

599 558 769 617 mittit
797 558 999 617 uinum
1028 575 1108 618 no

598 670 742 709 uum
769 652 831 709 in
862 662 1018 711 utres
1044 670 1117 711 ue

598 754 753 804 teres
776 778 790 791 ·
831 745 1094 823 alioquin
1117 777 1132 791 ·

597 839 815 915 rumpit
842 840 1045 899 uinum
1072 857 1154 898 no

596 950 741 991 uum
769 942 925 992 utres
992 942 1051 991 et
1075 933 1135 1010 ip

598 1044 729 1085 sum
757 1026 1085 1087 effundetur
1101 1058 1117 1073 ·

595 1212 641 1247 ⁸⁸
659 1212 775 1273 Sed
793 1213 997 1272 uinum
1018 1231 1241 1274 nouum

596 1308 660 1366 in
684 1318 839 1367 utres
867 1326 1055 1368 nouos

600 1402 836 1461 mittunt
856 1433 873 1449 ·
934 1412 992 1462 et
1020 1412 1149 1461 utra

598 1513 713 1574 que
742 1507 1161 1555 conseruantur
1179 1526 1194 1541 ·

598 1589 727 1648 ”Et
746 1608 923 1650 nemo
940 1607 1078 1650 cum
1094 1589 1301 1649 biberit

598 1692 769 1743 uetus
838 1684 1032 1743 statim
1061 1683 1188 1742 uult

599 1794 823 1836 nouum
845 1808 860 1823 ·
921 1776 1058 1837 dicit
1084 1783 1181 1835 eni
1348 1788 1433 1837 ter
1455 1788 1577 1837 erat
1605 1778 1768 1837 arida
1786 1810 1801 1824 ·

596 1881 763 1930 uetus
792 1871 1019 1931 suauior
1046 1880 1135 1931 est
1344 1870 1791 1932 ''Obseruabant
1810 1889 1885 1931 au

596 1972 657 2027 8.
690 1963 711 1998 ¹
729 1964 973 2025 Factum
993 1974 1083 2026 est
1102 1974 1299 2025 autem
1345 1974 1465 2024 tem
1490 1966 1716 2026 scribae
1744 1975 1802 2025 et
1828 1964 1886 2023 fa

597 2071 659 2129 in
687 2072 931 2131 sabbato
961 2088 1098 2131 cum
1345 2060 1545 2119 risaei·
1620 2059 1679 2118 Si
1707 2060 1951 2119 sabbato

596 2166 863 2225 transiret
889 2182 992 2241 per
1018 2164 1165 2225 semi
1346 2163 1573 2213 curaret
1609 2163 1672 2212 ut
1698 2154 1833 2213 inue

596 2267 737 2318 nata
758 2290 773 2305 ·
833 2257 1127 2318 uellebant
1348 2248 1537 2307 nitent
1566 2264 1841 2307 accusare

596 2352 865 2431 discipuli
890 2353 1015 2412 eius
1044 2353 1236 2430 spicas

1347 2568 1509 2628 illum
1564 2567 1586 2602 ⁸
1604 2568 1729 2646 ipse
1756 2576 1952 2627 autem

1349 2663 1571 2723 sciebat
1592 2662 1865 2739 cogitatio

1349 2775 1455 2816 nes
1482 2775 1685 2816 eorum
1706 2788 1721 2803 ·
1784 2757 1863 2817 Et
1890 2758 1969 2816 ait

1349 2850 1575 2910 homini
1608 2851 1707 2929 qui
1740 2850 2029 2911 habaebat

1350 2963 1594 3004 manum
1623 2945 1848 3005 aridam
1871 2977 1886 2992 ·

598 2579 985 2640 confricantes
1013 2596 1113 2638 ma

599 2676 772 2735 nibus
840 2685 899 2733 et
926 2671 1223 2732 manduca

596 2770 742 2829 bant
759 2801 774 2816 ·
816 2765 1035 2846 ’Aliqui
1062 2771 1195 2826 aute

597 2861 937 2922 sariseorum
966 2861 1096 2920 dice

598 2958 742 3016 bant
766 2956 877 3016 iuis
944 2954 1089 3033 quid
1120 2951 1179 3013 fa

502 3063 507 3068 ·
600 3051 727 3111 citis
754 3049 916 3129 quod
947 3067 1069 3109 non
1095 3048 1233 3107 licet
1353 3057 1525 3116 surge
1542 3049 1603 3098 et
1620 3049 1708 3098 sta
1724 3039 1783 3096 in
1802 3037 1997 3098 medio

599 3145 787 3204 facere
816 3143 1069 3203 sabbatis
1093 3174 1108 3188 ·
1351 3143 1409 3193 et
1438 3151 1682 3210 surgens
1710 3133 1865 3192 stetit

599 3239 621 3272 ⁸
638 3237 967 3316 Respondit
990 3237 1081 3296 ihs
1107 3246 1167 3295 et
1351 3226 1461 3286 ‘ait
1478 3237 1671 3286 autem
1688 3226 1775 3286 ihs
1792 3227 1867 3286 ad
1884 3226 2033 3286 illos·

600 3332 745 3392 dixit
772 3332 880 3391 illis
904 3362 919 3378 ·
988 3349 1099 3390 nec
1128 3329 1243 3388 hoc
1352 3320 1721 3397 interrogabo
1748 3339 1858 3379 uos
1896 3321 1971 3380 ali

599 3426 815 3504 legistis
841 3425 1004 3503 quod
1031 3423 1167 3482 fecit

600 3519 777 3581 dauid
806 3536 941 3578 cum
972 3516 1159 3577 aesuri

601 3616 645 3674 it
672 3615 797 3692 ipse
824 3621 882 3673 et
910 3611 1011 3689 qui
1039 3627 1179 3669 cum

601 3725 676 3768 eo
704 3714 866 3766 erant
886 3737 899 3752 ·
945 3707 966 3738 ⁴
984 3721 1205 3782 quomo

602 3803 680 3862 do
707 3799 939 3860 intrauit
964 3799 1027 3857 in
1046 3798 1125 3857 do

600 3914 764 3954 mum
793 3893 853 3953 di
872 3923 887 3938 ·
951 3901 1010 3952 et
1036 3892 1207 3968 panis

601 3987 1017 4067 propositionis
1045 4003 1179 4045 sum

602 4085 675 4144 sit
703 4093 761 4144 et
787 4079 1165 4140 manducauit

600 4188 661 4238 et
686 4176 845 4237 dedit
871 4173 961 4232 his
990 4173 1089 4251 qui
1118 4181 1243 4232 cu*

601 4289 675 4332 eo
704 4279 866 4330 erant
889 4299 902 4314 ·
947 4283 1096 4344 quos
1119 4282 1241 4324 non

1352 3415 1490 3493 quid
1516 3446 1529 3461 ·
1572 3414 1705 3473 licet
1725 3415 1971 3475 sabbato

1351 3508 1691 3568 benefacere
1711 3541 1726 3554 ·
1790 3527 1866 3568 an
1894 3527 1993 3568 ma

1350 3603 1601 3662 lesacere
1619 3633 1633 3649 ·
1677 3603 1927 3661 anima-

1353 3695 1573 3755 saluam
1598 3694 1723 3754 face
1753 3715 1829 3755 an
1860 3714 1965 3772 per

1354 3789 1493 3850 dere
1512 3821 1527 3836 ·
1568 3787 1614 3821 ¹⁰
1630 3788 1707 3847 Et
1734 3791 1955 3848 circum

1354 3885 1567 3962 spectis
1594 3883 1702 3942 illis
1730 3883 2004 3943 omnibus

1354 3979 1415 4036 in
1441 3979 1526 4037 ira
1552 3977 1699 4036 dixit
1726 3976 1949 4035 homini
1972 4007 1986 4023 ·

1354 4177 1412 4226 et
1438 4164 1696 4225 extendit
1718 4195 1733 4211 ·
1792 4173 1851 4224 et
1878 4166 2012 4223 resti

1352 4269 1475 4319 tuta
1502 4268 1589 4321 est
1615 4277 1826 4318 manus
1847 4259 1972 4317 eius

1354 4355 1503 4416 sicut
1532 4353 1709 4414 altera
1727 4385 1811 4396 —

1354 4070 1605 4132 extende
1625 4089 1865 4130 manum
1886 4081 2049 4130 tua--

1924 385 2278 450 LUCAN-

2152 554 2196 588 ¹¹
2215 558 2324 634 ipsi
2352 567 2544 617 autem
2575 557 2732 635 reple

2153 652 2196 710 ti
2225 660 2358 711 sunt
2383 652 2626 729 iniquita

2151 754 2270 805 tem
2290 776 2305 791 ·
2365 745 2452 804 -Et
2479 746 2768 823 conloque

2150 841 2361 899 bantur
2379 840 2454 899 ad
2479 840 2668 899 inuice

2151 934 2291 1011 quid
2321 932 2577 994 facerent
2600 933 2672 992 de

2272 1026 2593 1086 wihus»

2101 1108 2130 1142 '⁸‘
2151 1117 2198 1151 ¹²
2213 1120 2458 1181 Factum
2485 1130 2574 1181 est
2601 1140 2678 1181 au

2100 1211 2133 1245 ¹⁸¹
2155 1225 2274 1274 tem
2302 1217 2363 1275 in
2390 1215 2497 1274 illis
2527 1214 2732 1275 diebus

2147 1309 2286 1368 exiit
2313 1310 2374 1366 in
2403 1318 2667 1368 montem

2148 1419 2311 1462 orare
2331 1433 2346 1449 ·
2398 1411 2455 1461 et
2483 1412 2606 1461 erat

2147 1504 2501 1573 pernoctans
2529 1496 2591 1553 in
2619 1514 2658 1555 o

2148 1590 2372 1649 ratione
2402 1590 2460 1649 di
2482 1622 2496 1635 ·
2539 1589 2584 1623 ¹⁸
2600 1589 2676 1647 Et
2704 1594 2780 1648 cil

2150 1682 2274 1742 dies
2303 1682 2490 1742 factus
2516 1692 2606 1743 est
2624 1714 2638 1730 ·
2701 1701 2782 1743 uo

2150 1777 2308 1836 cauit
2335 1777 2412 1836 ad
2441 1794 2506 1837 se
2536 1777 2760 1853 discipu

2149 1871 2241 1931 los
2269 1888 2411 1930 suos
2433 1902 2448 1918 ·
2514 1870 2591 1928 Et
2619 1867 2789 1945 elegit

2149 1963 2460 2023 duodecim
2489 1983 2562 2024 ex
2591 1964 2734 2040 ipsis
2752 1994 2766 2011 ·

2148 2075 2298 2135 quos
2327 2066 2384 2117 et
2411 2058 2708 2135 apostolos

2148 2152 2593 2228 cognominauit
2609 2184 2624 2199 ·

2148 2244 2194 2277 ²⁴
2213 2245 2518 2305 Simonem
2540 2264 2716 2324 quem
2745 2256 2852 2325 c0g

2150 2340 2474 2399 nominauit
2501 2347 2671 2417 petru
2690 2372 2705 2387 ·

2148 2432 2226 2493 Et
2255 2433 2532 2492 andream
2559 2434 2732 2493 fratre

2147 2567 2273 2626 eius
2295 2597 2309 2612 ·
2369 2567 2642 2626 iacobum
2670 2579 2728 2627 et
2753 2569 2812 2627 io

2150 2660 2409 2721 hannem
2434 2693 2449 2707 ·
2509 2661 2782 2738 filippu--

2150 2766 2210 2815 et
2236 2754 2702 2815 bartholomeum
2725 2787 2740 2802 ·

2149 2848 2195 2882 ¹³
2210 2859 2267 2910 et
2295 2849 2619 2909 mattheum
2639 2881 2654 2896 ·
2699 2859 2757 2908 et

2148 2943 2394 3002 thoman
2423 2975 2438 2990 ·
2497 2943 2772 3002 iacobum

2149 3037 2284 3096 alsei
2307 3069 2321 3084 ·
2385 3047 2444 3096 et
2471 3037 2762 3096 simonem

2151 3133 2252 3208 qui
2279 3141 2521 3192 uocatur
2549 3131 2764 3190 zelotes
2787 3161 2802 3178 ·

2150 3225 2195 3259 ¹⁸
2213 3225 2412 3284 iudam
2433 3225 2624 3284 iacobi
2645 3255 2659 3270 ·
2719 3235 2777 3284 et
2794 3225 2854 3283 iu

2153 3319 2291 3378 dam
2321 3318 2574 3379 scarioth
2601 3319 2702 3396 qui

2148 3413 2256 3472 fuit
2282 3414 2643 3490 proditor—

2148 3506 2194 3542 ¹⁷
2212 3507 2288 3568 Et
2316 3507 2618 3567 descendit
2635 3524 2772 3566 cum

2151 3603 2262 3660 illis
2286 3633 2300 3649 ·
2365 3610 2423 3662 et
2445 3603 2600 3660 stetit
2621 3601 2682 3658 in
2709 3600 2770 3659 lo

2152 3713 2226 3754 co
2261 3695 2573 3770 campestri
2642 3702 2701 3752 et

2152 3791 2322 3848 turba
2349 3785 2770 3863 discipuloru-·

2152 3893 2212 3941 et
2237 3881 2548 3941 multitudo
2579 3881 2752 3956 copio

2152 3994 2220 4035 sa
2245 3975 2433 4053 plebis
2464 4005 2479 4021 ·
2521 3976 2618 4034 Ab
2647 3976 2811 4034 omni

2154 4071 2329 4129 iudea
2396 4077 2454 4129 et
2481 4067 2815 4128 hiemsale-
2836 4100 2851 4116 ·

2154 4175 2212 4225 et
2239 4174 2397 4224 trans
2425 4162 2634 4223 fretum
2656 4194 2671 4209 ·

2152 4267 2212 4319 et
2238 4258 2546 4317 marittima
2568 4258 2676 4333 tyri

3523 383 3598 480 ⁸1.

2901 566 2966 615 ut
2993 556 3258 617 audirent
3286 575 3422 617 eum

2903 660 2961 711 et
2991 660 3334 710 sanarentur
3359 670 3396 711 a
3421 651 3521 710 lan

2903 744 3183 820 guoribus
3213 746 3332 803 suis
3363 776 3378 791 ·
3443 756 3500 805 et

2903 838 3003 915 qui
3029 838 3391 897 uexabantur
3417 858 3454 899 a

2902 931 3194 1006 spiritibus
3217 932 3423 992 inmun

2903 1024 2994 1083 dis
3022 1034 3359 1085 curarentur
3375 1057 3390 1072 ·

2901 1114 2948 1151 ²⁰
2964 1117 3040 1177 Et
3066 1120 3260 1179 omnis
3281 1120 3448 1179 turba
3475 1138 3590 1198 que

2902 1212 3066 1271 rebat
3093 1230 3230 1273 eum
3259 1222 3440 1291 tange

2900 1323 2964 1363 re
2989 1336 3003 1351 ·
3061 1307 3200 1383 quia
3225 1308 3406 1367 uirtus
3435 1307 3509 1367 de

2900 1398 3000 1457 illo
3029 1399 3263 1459 exiebat
3290 1410 3350 1460 et
3375 1419 3478 1460 om

2899 1510 3006 1550 nes
3035 1493 3278 1553 sanabat
3297 1526 3312 1541 ·
3356 1490 3402 1527 ’⁰
3418 1494 3496 1554 Et

2899 1586 3026 1663 ipse
3055 1585 3296 1647 eleuatis
3325 1589 3512 1649 oculis

2899 1680 2960 1737 in
2989 1680 3420 1758 discipulosuos
3439 1714 3452 1729 ·

2898 1772 3126 1833 dicebat
3145 1806 3158 1821 ·
3185 1806 3198 1821 ·
3271 1774 3438 1835 Beati

2900 1885 3188 1944 pauperes
3217 1870 3356 1946 quia
3381 1888 3456 1929 ue

2900 1970 3084 2020 strum
3115 1972 3202 2021 est
3230 1981 3478 2039 regnum

2902 2054 2963 2113 di
2983 2086 2996 2101 ·
3022 2086 3037 2101 ·
3079 2054 3122 2089 ²¹
3134 2054 3298 2115 Beati
3321 2059 3420 2135 qui
3443 2075 3601 2119 nunc

2901 2149 3158 2207 esuriunt
3185 2160 3244 2208 et
3265 2150 3463 2209 sitiunt
3481 2183 3496 2198 ·

2900 2244 3036 2319 quia
3062 2243 3174 2320 ipsi
3203 2245 3521 2304 saturabun

2901 2345 2994 2394 tur
3016 2366 3031 2382 ·
3091 2336 3258 2396 Beati
3286 2338 3387 2415 qui
3415 2357 3574 2399 nunc

2901 2429 3051 2488 fletis
3072 2460 3087 2476 ·
3158 2431 3294 2508 quia
3320 2432 3573 2508 gaudebi

2905 2562 2976 2621 tis
2999 2593 3014 2608 ·
3057 2559 3102 2592 ²²
3123 2561 3288 2622 Beati
3317 2564 3471 2623 eritis

2904 2673 3041 2715 cum
3068 2673 3178 2715 uos
3207 2656 3438 2717 oderint

2901 2749 3174 2808 homines
3245 2760 3302 2808 et
3329 2769 3466 2810 cum

2901 2845 3258 2920 separabunt
3285 2861 3395 2904 uos
3419 2875 3434 2890 ·

2902 2947 2960 2997 et
2987 2956 3124 2996 cum
3153 2938 3364 2997 eicient
3441 2947 3499 2998 et
3527 2957 3601 2999 ex

2901 3033 3233 3109 probabunt
3261 3051 3486 3092 nornen

2901 3135 3164 3184 uestrum
3232 3135 3521 3204 tamqua-

2901 3219 3226 3294 malignum
3247 3251 3262 3265 ·
3345 3238 3499 3297 prop

2903 3323 2988 3371 ter
3019 3313 3201 3371 filium
3230 3313 3482 3374 hominis
3502 3346 3517 3360 ·

2899 3404 2945 3440 ¹⁸
2958 3405 3226 3467 Gaudete
3242 3408 3302 3466 in
3322 3408 3418 3468 illa
3434 3409 3527 3468 die
3545 3418 3605 3467 et

2901 3500 3152 3560 exultate
3171 3531 3186 3548 ·
3255 3519 3398 3561 ecce
3427 3509 3523 3561 eni

2902 3612 3128 3653 merces
3155 3608 3350 3654 uestra
3378 3595 3500 3654 mul

2900 3698 2963 3747 ta
2993 3690 3054 3746 in
3083 3689 3249 3748 caelo
3269 3721 3284 3736 ·
3311 3721 3324 3736 ·
3373 3689 3567 3749 Secun

2903 3783 3044 3841 dum
3074 3782 3218 3841 haec
3248 3784 3404 3842 enim
3428 3783 3577 3844 facie

2902 3877 3045 3935 bant
3074 3885 3131 3934 et
3159 3876 3399 3952 profetis
3426 3894 3506 3953 pa

2902 3979 3020 4028 tres
3050 3987 3254 4028 eorum
3279 4001 3293 4016 ·
3317 4003 3398 4012 —

2902 4063 2948 4098 ²⁴
2964 4061 3394 4123 Uerumtamen
3421 4081 3536 4123 uae

2813 4191 2822 4202 ·
2903 4156 3076 4216 uobis
3105 4157 3378 4217 diuitibus
3407 4159 3506 4236 qui

2903 4250 3128 4310 habetis
3154 4251 3479 4310 consolatio

2154 4363 2213 4413 et
2234 4352 2490 4413 sidonis·
2531 4351 2682 4428 ¹⁸qui
2705 4368 2856 4410 uene
2905 4362 3044 4403 nem
3071 4354 3327 4403 uestram
3347 4375 3361 4391 ·
3411 4341 3606 4404 ”Uae

2701 4455 2832 4503 rant

2905 4438 3075 4499 uobis
3103 4439 3206 4517 qui
3233 4439 3470 4498 saturati
3497 4457 3563 4498 es

3450 4533 3524 4592 tis

3235 4657 3280 4697 u

3627 576 3754 625 1¹01.
3771 578 3893 625 100.
