4373 5048
2167 389 2271 432 XX

1057 537 1622 614 SPECIMEN
1711 539 2002 614 PAGE
2081 537 2229 614 OF
2306 537 2549 612 THE
2634 533 3395 612 MANUSCRIPT.

1665 682 1874 743 ΜΑΤΤ.
1903 701 1978 742 vr.
2009 685 2188 755 4-28.
2274 681 2385 742 See
2413 680 2617 753 below,
2650 701 2706 759 p.
2742 693 2791 755 7.

2248 816 2513 866 rotmb.

433 812 559 862 rol.
579 812 669 861 18.

679 905 928 965 mosyna
957 897 1057 948 tua
1083 888 1146 946 in

679 969 1029 1030 abscondito
1053 994 1068 1010 ·
1129 969 1208 1029 Et

680 1060 846 1129 pater
874 1062 1008 1112 tuus
1036 1051 1137 1129 qui

679 1133 841 1192 uidet
867 1133 928 1191 in
957 1135 1180 1193 abscon

684 1214 808 1274 dito
830 1245 844 1260 ·
908 1214 1034 1292 ipse
1061 1213 1166 1274 red

685 1296 784 1356 det
813 1297 914 1356 tibi
941 1298 1004 1355 in
1031 1296 1194 1355 mani

685 1377 840 1438 festo
863 1404 878 1419 ·
941 1377 1054 1438 ⁸Et
1081 1395 1220 1437 cum
1249 1395 1290 1436 o

687 1478 782 1518 ras
809 1477 932 1519 non
960 1461 1071 1520 eris
1101 1456 1249 1520 sicut

688 1541 1026 1618 hypocritae
1047 1567 1060 1582 ·
1122 1542 1223 1619 qui

691 1633 892 1682 amant
919 1633 1068 1684 stare
1099 1625 1160 1682 in
1189 1641 1256 1700 sy

694 1705 944 1782 nagogis
1024 1716 1083 1765 et
1109 1705 1171 1764 in
1199 1721 1279 1764 an

695 1787 847 1865 gulis
874 1787 1202 1865 platearum

696 1877 921 1929 stantes
947 1869 1190 1929 adorare
1216 1906 1231 1921 ·

699 1961 762 2008 ut
789 1951 1096 2010 uideantur
1125 1950 1201 2009 ab

701 2030 1040 2090 hominibus
1065 2057 1079 2072 ·

649 2110 870 2172 A·men
892 2113 1027 2172 dico
1053 2111 1228 2173 uobis

703 2205 1092 2272 perceperunt

709 2275 1044 2336 mercedem
1073 2293 1241 2336 suam
1264 2302 1279 2317 ·

605 2356 696 2418 ‘T
715 2375 754 2416 u
781 2367 977 2417 autem
996 2375 1132 2416 cum
1152 2375 1290 2418 oras
1308 2383 1321 2397 ·

711 2439 861 2498 intra
887 2439 947 2498 in
975 2439 1246 2499 cubicult'i

713 2532 878 2581 tuum
903 2548 916 2563 ·
973 2519 1052 2582 Et
1078 2520 1324 2582 cludens

473 2740 602 2790 rol.
615 2740 700 2787 14.

639 2814 703 2877 H
721 2816 900 2876 abent
927 2834 1122 2877 merce

721 2898 860 2958 dem
887 2917 1053 2959 suam
1076 2924 1089 2939 ·
1147 2898 1191 2935 ¹⁷
1205 2896 1303 2959 Tu

726 2990 923 3039 autem
952 2998 1087 3040 cum
1114 2982 1226 3041 ieiu

725 3079 838 3121 nas
910 3079 1110 3139 ungue
1140 3082 1214 3123 ca

727 3153 831 3221 put
851 3152 1016 3203 tuum
1043 3154 1099 3203 et
1127 3144 1186 3205 fa

730 3224 884 3285 ciem
904 3234 1064 3285 tuam
1093 3226 1228 3286 laua
1251 3251 1265 3267 ·

691 3302 814 3366 ¹⁸ne
844 3323 1050 3383 pareas
1078 3306 1242 3367 homi

735 3389 909 3447 nibus
937 3388 1203 3449 ieiunans
1226 3414 1240 3430 ·

682 3467 724 3529 S
743 3470 817 3529 ed
843 3470 994 3546 patri
1020 3479 1122 3530 tuo
1152 3470 1252 3550 qui

739 3560 828 3610 est
855 3552 916 3610 in
945 3552 1291 3611 abscondito
1316 3588 1330 3603 ·

673 3629 768 3691 Et
793 3641 960 3709 pater
985 3642 1117 3693 tuus
1145 3634 1244 3713 qui

745 3713 904 3773 uidet
930 3714 992 3772 in
1021 3714 1306 3776 abscondi

744 3804 806 3854 to
830 3795 1036 3856 reddet
1061 3796 1163 3855 tibi
1183 3824 1197 3838 ·

611 3875 723 3936 ¹·N
742 3876 879 3936 olite
908 3876 1202 3937 thensauri

749 3976 883 4019 zare
911 3960 1085 4019 uobis
1106 3989 1120 4007 ·
1190 3958 1364 4020 thena

749 4056 922 4099 auros
949 4040 1010 4099 in
1037 4050 1190 4102 terra
1210 4067 1224 4085 ·

749 4122 853 4181 ubi
878 4140 1062 4199 erugo
1090 4132 1150 4182 et
1175 4124 1331 4185 tinea

753 4211 814 4262 et
839 4214 1168 4264 comestura
1192 4223 1268 4265 ex

754 4286 1024 4345 terminat
1042 4312 1055 4327 ·
1116 4284 1195 4346 Et
1219 4288 1318 4349 ubi

755 4364 911 4426 fures
932 4362 1216 4429 effodiunt

758 4458 818 4508 et
843 4446 1100 4510 furantur
1116 4477 1130 4492 ·

1575 891 1790 950 ostium
1819 901 1984 950 tuum
2006 915 2020 929 ·
2073 908 2114 949 o

1575 991 1640 1032 ra
1668 981 1894 1050 patrem
1921 983 2088 1031 tuum

1577 1054 1638 1114 in
1665 1055 1964 1114 absconso
1987 1081 2000 1095 ·
2034 1063 2092 1113 et
2120 1071 2201 1132 pa

1577 1147 1665 1195 ter
1691 1145 1826 1195 tuus
1853 1135 1954 1214 qui
1980 1135 2142 1195 uidet

1577 1217 1638 1276 in
1669 1219 1965 1277 absconso
2027 1217 2132 1276 red

1577 1299 1678 1358 det
1707 1300 1810 1358 tibi
1837 1299 1899 1358 in
1927 1298 2177 1358 manifes

1579 1391 1642 1441 to
1661 1411 1676 1427 ·
1731 1379 2000 1440 'orantes
2029 1399 2106 1440 au

1581 1473 1702 1522 tem
1729 1461 1909 1522 nolite
1937 1462 2124 1522 multii

1581 1545 1742 1622 loqui
1783 1544 1930 1604 sicut
1959 1544 2207 1603 ethnici·

1585 1637 1792 1704 putant
1819 1627 1977 1684 enim
2006 1626 2169 1703 quod

1586 1707 1649 1766 in
1681 1707 2056 1785 multiloquio
2083 1725 2193 1768 suo

1589 1789 1978 1849 exaudiuntur
2003 1821 2016 1835 ·

1487 1869 1575 1930 ’Ν
1593 1871 1732 1930 olite
1749 1888 1892 1948 ergo
1909 1869 2160 1930 similare

1595 1971 1701 2012 eos
1723 1978 1737 1993 ·
1799 1953 1908 2012 scit
1935 1953 2096 2012 enim
2123 1969 2205 2028 pa

1595 2045 1682 2094 ter
1710 2043 1902 2094 uester
1930 2033 2068 2112 quid
2097 2050 2178 2093 uo

1595 2117 1690 2176 bis
1715 2133 1866 2193 opus
1894 2117 1964 2174 sit
1992 2124 2128 2174 ante

1597 2215 1780 2276 quam
1807 2197 2015 2274 petatis
2043 2213 2180 2255 eum
2199 2221 2214 2236 ·

1573 2279 1688 2340 ’sic
1718 2297 1862 2356 ergo
1884 2289 2050 2340 orate
2075 2295 2189 2338 uos
2212 2312 2226 2328 ·

1541 2359 1590 2421 P
1607 2371 1729 2420 ater
1755 2371 1956 2420 noster

1606 2439 1696 2505 tei·
1723 2443 1906 2521 quiin
1926 2440 2100 2502 caelis
2127 2459 2194 2501 es
2213 2467 2227 2481 ·

1609 2526 1896 2587 scificetur
1925 2543 2146 2586 nomen

2437 889 2485 925 ¹⁰
2494 890 2765 951 adueniat
2792 907 2897 967 reg

2496 991 2640 1032 num
2668 983 2835 1031 tuum
2916 971 3017 1030 fiat

2496 1054 2773 1115 uoluntas
2798 1064 2901 1112 tua
2928 1052 2981 1112 si

2496 1146 2598 1198 cut
2626 1137 2687 1194 in
2716 1135 2881 1196 caelo
2909 1145 2967 1194 et
2994 1135 3057 1193 in

2500 1229 2655 1278 terra
2677 1243 2692 1258 ·
2753 1217 3023 1295 upanem

2504 1309 2769 1360 nostrum
2797 1297 2977 1359 cotidi

2502 1399 2686 1441 anum
2714 1381 2792 1441 da
2820 1380 2993 1440 nobis

2506 1463 2685 1524 hodie
2765 1461 2878 1523 ¹¹et
2906 1461 3077 1520 remit

2507 1557 2565 1606 te
2594 1544 2767 1605 nobis
2794 1543 2991 1604 debita
3097 1597 3108 1604 .

2510 1635 2714 1687 nostra
2794 1626 2947 1684 sicut

2510 1719 2571 1768 et
2596 1725 2711 1768 nos
2740 1705 3081 1767 dimittimus

2514 1789 2877 1850 debitoribus
2905 1806 3017 1847 nos

2516 1873 2620 1932 tris
2640 1903 2655 1918 ·
2719 1871 2831 1930 ¹''et
2858 1887 2934 1930 ne
2962 1869 3105 1929 indu

2518 1973 2619 2014 cas
2648 1971 2759 2013 nos
2786 1953 2847 2010 in
2878 1961 3060 2011 temta

2523 2037 2743 2096 tionem
2762 2061 2776 2076 ·
2839 2034 2945 2093 sed
2970 2033 3087 2093 libe

2521 2136 2587 2176 ra
2614 2134 2727 2176 nos
2758 2135 2795 2175 a
2822 2114 2981 2175 malo

2522 2205 2668 2278 qt‘im
2696 2207 2859 2257 tuum
2888 2207 2979 2257 est

2524 2297 2774 2359 regnum
2798 2289 2963 2338 tuum
2980 2287 3039 2338 et
3058 2279 3148 2337 uir

2526 2374 2620 2423 tus
2646 2372 2707 2421 et
2732 2361 2919 2438 gloria
2944 2361 3007 2420 in

2527 2444 2725 2504 secula
2753 2460 2927 2502 amen
2948 2475 2961 2489 ·
3027 2440 3073 2476 ¹⁴
3087 2441 3149 2502 Si

2526 2528 2687 2588 enim
2712 2523 3042 2587 dimiseritis

2286 2744 2410 2793 rol.
2418 2742 2551 2791 141».

1479 2816 1592 2881 ”T
1611 2820 2006 2881 hensaurizate
2035 2836 2112 2879 au

1608 2914 1730 2963 tem
1757 2903 1928 2962 uobis
1997 2902 2174 2961 thens

1613 3000 1790 3044 auros
1810 2984 1872 3041 in
1893 2983 2059 3043 caelo
2078 3009 2092 3024 ·
2135 2980 2239 3042 ubi

1615 3082 1808 3143 neque
1838 3082 2022 3141 erugo
2041 3091 2055 3107 ·
2113 3081 2191 3123 ne

1619 3163 1736 3225 que
1763 3146 1920 3205 tinea
1941 3172 1954 3187 ·
2019 3163 2215 3223 neque

1623 3236 1952 3288 comestura
1979 3238 2143 3286 exter

1625 3310 1811 3368 minat
1827 3335 1841 3350 ·
1900 3318 1960 3368 et
1985 3310 2086 3368 ubi
2115 3308 2177 3367 fu

1629 3407 1722 3449 res
1751 3406 1874 3449 non
1901 3390 2189 3451 effodiunt

1627 3480 1687 3531 et
1713 3470 1970 3531 furantur
1989 3498 2002 3511 ·

1495 3549 1608 3613 ²¹15
1629 3554 1687 3613 bi
1714 3554 1872 3613 enim
1899 3552 2070 3613 fuerit

1627 3635 1971 3695 thensaurus
1997 3644 2132 3695 tuus

1631 3718 1708 3777 ibi
1735 3718 1842 3777 erit
1868 3728 1927 3777 et
1952 3735 2058 3778 cor
2083 3728 2247 3777 tuu‘·

1509 3796 1616 3858 ”L
1631 3817 1848 3859 ucerna
1880 3799 2142 3877 corporis

1631 3882 1713 3941 tui
1739 3890 1828 3941 est
1843 3881 2045 3941 oculus
2065 3890 2199 3941 tuus
2217 3908 2315 3927 ·—

1577 3960 1656 4022 Si
1683 3962 1888 4022 oculus
1915 3972 2047 4022 tuus
2075 3964 2186 4022 sim

1638 4043 1776 4122 plex
1803 4042 1973 4104 fuerit
1995 4070 2010 4085 ·
2073 4050 2199 4106 totii

1641 4143 1858 4203 corpus
1885 4134 2048 4185 tuum
2077 4126 2138 4185 lu

1639 4208 1837 4267 cidum
1864 4207 1969 4265 erit
1992 4234 2005 4248 ·
2031 4234 2044 4249 ·
2104 4204 2223 4269 ”Si
2249 4226 2325 4268 au

1643 4300 1764 4349 tem
1792 4289 1998 4348 oculus
2025 4298 2158 4348 tuus

1645 4388 1902 4448 nequam
1929 4368 2097 4430 fuerit
2126 4396 2140 4411 ·

1567 4452 1622 4512 T
1644 4462 1807 4513 otum
1833 4469 2046 4531 corpus
2071 4458 2176 4513 tui!

2533 2817 2911 2879 tenebrosum
2938 2818 3043 2877 erit
3065 2844 3078 2858 ·

2475 2902 2555 2963 Si
2582 2919 2725 2978 ergo
2752 2899 2953 2960 lumen
2982 2896 3138 2977 quod

2442 3002 2449 3009 ·
2534 2984 2597 3042 in
2624 2994 2681 3042 te
2709 2992 2799 3041 est
2828 2983 3065 3042 tenebre

2536 3074 2675 3125 sunt
2691 3092 2705 3105 ·
2766 3065 2893 3141 ipse
2920 3074 3055 3123 tene

2539 3147 2644 3205 bre
2672 3156 2889 3225 quante
2917 3155 3087 3205 sunt·

2412 3226 2526 3287 “N
2544 3245 2683 3287 emo
2710 3236 2903 3305 potest
2930 3227 3051 3286 duo

2540 3310 2652 3368 bus
2680 3308 2935 3368 dominis
2954 3326 3048 3367 ser

2541 3391 2667 3450 uire
2692 3415 2705 3430 ·
2773 3390 2893 3450 Aut
2920 3389 3080 3449 enim

2543 3490 2727 3533 unum
2754 3472 2913 3532 odiet
2987 3480 3049 3531 et

2546 3554 2791 3614 alterum
2818 3552 3039 3613 amabit
3058 3578 3071 3593 ·

2478 3636 2535 3696 A
2556 3646 2619 3695 ut
2646 3654 2833 3696 unum
2860 3635 3015 3712 patie

2548 3728 2641 3778 tur
2718 3728 2777 3777 et
2804 3716 3047 3777 alterum

2550 3807 2889 3860 contemnet
2910 3828 2924 3846 ·
2984 3815 3108 3856 non

2557 3881 2796 3959 potestis
2824 3880 2903 3940 <16
2932 3898 3027 3941 ser

2556 3965 2679 4023 uite
2704 3972 2763 4022 et
2790 3978 3055 4022 mammo

2559 4062 2635 4104 ne
2652 4070 2668 4085 ·
2726 4044 2930 4104 ²⁸Ideo
2961 4043 3096 4102 dico

2556 4126 2726 4187 uobis
2804 4144 2881 4185 ne
2908 4126 3103 4202 cogite

2558 4208 2633 4269 tis
2662 4209 2723 4267 in
2751 4207 2929 4268 corde
2956 4226 3063 4266 ues

2560 4300 2650 4351 tro
2726 4289 2868 4368 quid
2894 4286 3119 4348 mandu

2560 4372 2704 4432 cetis
2725 4402 2739 4416 ·
2804 4381 2902 4431 aut
2929 4369 3073 4448 quid

2560 4454 2771 4515 bibatis
2794 4478 2808 4495 ·
2860 4470 3055 4532 neque

3392 885 3732 947 hominibus
3758 903 3873 964 pec

3394 978 3525 1029 cata
3552 985 3759 1028 eorum
3782 993 3795 1008 ·
3856 965 3916 1026 di

3392 1051 3572 1110 mittet
3586 1050 3755 1110 uobis
3776 1059 3835 1110 et
3850 1057 4017 1126 pater

3394 1142 3586 1193 uester
3612 1132 3714 1210 qui
3742 1141 3833 1190 est
3856 1131 3917 1188 in

3398 1215 3541 1275 celis
3560 1241 3573 1256 ·
3636 1211 3681 1246 ¹⁸
3694 1211 3755 1272 Si
3782 1223 3977 1272 autem

3399 1314 3525 1356 non
3552 1295 3810 1354 remiseri

3400 1380 3473 1438 tis
3500 1377 3836 1436 hominibus

3404 1469 3653 1538 peccata
3680 1474 3885 1518 eorum
3907 1484 3922 1499 ·

3404 1561 3517 1602 nec
3544 1550 3711 1618 pater
3733 1549 3927 1598 uester

3403 1624 3657 1683 remittet
3675 1621 3847 1681 uobis

3405 1715 3651 1782 peccata
3670 1715 3864 1762 uestra
3882 1725 3967 1754 os

3258 1789 3355 1839 inc.
3374 1785 3498 1838 “sos
3563 1810 3648 1839 nes
3714 1809 3798 1835 sos

3358 1871 3409 1926 Ο
3425 1889 3537 1928 um
3564 1876 3778 1926 autem
3808 1871 3941 1924 lein

3410 1958 3584 2010 natis
3613 1981 3628 1994 ·
3656 1955 3855 2006 nolite
3880 1953 3928 2005 fl

3414 2039 3511 2090 erl
3538 2039 3707 2090 sieut
3734 2037 3902 2100 hypo

3416 2121 3614 2172 eritne
3640 2119 3859 2171 tristes
3881 2155 3895 2169 .

3336 2191 3390 2252 E
3406 2195 3761 2254 xterminant
3787 2197 3882 2252 eni

3418 2277 3594 2336 facies
3621 2293 3757 2334 suas
3781 2283 3847 2333 ut

3417 2367 3661 2438 pareant
3688 2353 3911 2416 homini

3420 2443 3531 2500 bus
3565 2440 3885 2499 ieiunantes
3905 2461 3919 2475 ·

3348 2523 3405 2584 A
3420 2541 3561 2583 men
3588 2522 3723 2583 dico
3748 2517 3917 2580 uobis

3426 2814 3662 2893 corpori
3688 2822 3884 2874 uestro
3900 2836 3915 2853 ·

3428 2898 3571 2977 quid
3596 2895 3881 2957 induatis·
3914 2910 4045 2953 non

3428 2998 3505 3039 ne
3535 2980 3731 3037 anima
3759 2977 3939 3055 pluris

3430 3071 3520 3122 est
3546 3078 3725 3138 quam
3752 3076 3889 3119 esca
3909 3084 3923 3099 ·

3430 3154 3491 3203 et
3516 3160 3734 3219 corpus
3760 3158 3939 3219 quam

3433 3224 3775 3284 uestimenta
3796 3254 3810 3268 ·

3310 3306 3421 3366 “R
3436 3307 3675 3383 espicite
3700 3303 3918 3365 uolatili

3432 3408 3469 3447 a
3496 3388 3641 3447 caeli
3663 3414 3677 3429 ·
3736 3392 3881 3463 qum
3906 3403 4029 3446 non

3434 3478 3635 3530 serunt
3714 3485 3907 3546 neque

3435 3560 3663 3611 metunt
3684 3581 3697 3596 ·
3760 3566 3953 3627 neque

3438 3641 3802 3709 congregant
3827 3632 3889 3690 in

3444 3714 3655 3773 horreo
3676 3740 3689 3755 ·
3750 3712 3826 3772 Et
3852 3719 4016 3790 pater

3446 3806 3639 3855 uester
3658 3794 3921 3856 caelestis

3447 3878 3547 3938 alit
3574 3876 3699 3937 illas
3720 3907 3735 3923 ·
3794 3892 3991 3936 nonne

3448 3960 3639 4037 magis
3663 3976 3775 4018 uos
3800 3957 3981 4035 pluris

3448 4042 3590 4102 estis
3616 4040 3723 4101 illis
3744 4067 3758 4081 ·
3822 4038 4023 4112 “Quis

3450 4134 3645 4183 autem
3676 4140 3751 4182 ex
3776 4122 3945 4183 uobis
3972 4138 4048 4181 co

3448 4204 3693 4283 gitando
3720 4212 3915 4283 potest

3452 4289 3682 4348 adicere
3698 4312 3713 4329 ·
3773 4284 3851 4345 ad
3878 4292 4030 4345 statu

3451 4387 3580 4430 ram
3606 4384 3773 4429 suam
3800 4366 4001 4426 cubitii

3454 4468 3637 4511 unum
3666 4480 3679 4497 ·
3708 4448 3751 4483 ²⁸
3766 4446 3845 4509 Et
3870 4446 3945 4509 de
3976 4446 4085 4507 ind
