4373 5048
909 429 1032 490 140
1787 414 2245 477 EDITORIS
2284 416 2357 475 N
2360 418 2413 475 Ο
2424 416 2650 478 TULA
2662 418 2739 481 E.

901 582 1020 637 Fol.
1053 583 1117 636 13
1140 583 1194 638 1).
1253 598 1317 651 14
1352 583 1514 639 dimit
1547 584 1708 640 uobis
1745 602 1820 640 m.
1845 588 1930 657 p„
1955 595 2033 641 tet
2067 588 2347 656 superscr.
2382 602 2526 641 corr.
2561 602 2635 642 m.
2674 590 2733 658 p.
2828 586 2908 643 16.
2947 587 3037 643 inc
3065 594 3199 643 ante
3235 590 3381 645 Cum
3417 600 3607 645 autem

1043 665 1272 721 addiaft
1293 683 1369 722 m.
1395 682 1446 724 2.

901 760 948 815 F
951 760 1024 816 ol.
1053 761 1134 815 14.
1195 776 1260 831 19
1283 761 1726 819 thensaurizare:
1764 782 1802 819 n
1825 766 2153 819 semi-erasa
2174 771 2275 820 est.

901 856 948 911 F
949 857 1021 912 ol.
1061 857 1129 911 14
1164 860 1220 914 b.
1269 874 1337 928 23
1379 858 1496 931 qud
1542 875 1616 915 m.
1653 863 1738 932 p„
1780 876 1817 915 o
1858 864 2134 931 supet-scr.
2186 878 2330 917 corr.
2380 877 2457 915 m.
2503 864 2567 932 p.
2744 862 2886 916 Post
2930 878 2984 916 v.
3033 862 3101 917 28
3145 861 3357 918 excidit
3383 862 3606 934 folium

1045 957 1245 999 unum.

902 1036 949 1090 F
953 1037 1024 1092 ol.
1068 1038 1149 1093 15.
1197 1040 1272 1093 In
1292 1040 1473 1109 capite
1482 1040 1743 1110 pag-inae
1763 1040 1996 1111 scripsit
2017 1056 2091 1095 m.
2117 1054 2168 1107 2,
2203 1038 2260 1094 in
2292 1050 2459 1110 caput
2494 1040 2877 1111 quadragisim
2908 1041 3207 1111 eademqne
3239 1056 3449 1096 manns
3475 1049 3610 1097 ante

1045 1120 1244 1177 intrate
1269 1122 1342 1191 (7.
1373 1121 1460 1191 13)
1475 1124 1680 1194 posuit
1699 1124 1750 1191 †‚
1772 1123 2009 1176 initium
2036 1130 2105 1177 ut
2124 1122 2307 1178 udtur
2326 1122 2579 1178 lectionis
2600 1124 2937 1195 eaprimens.

903 1215 1023 1271 Fol.
1053 1216 1120 1271 15
1141 1217 1198 1273 b.
1247 1229 1308 1289 15
1337 1249 1349 1262 -
1373 1235 1412 1273 u
1438 1252 1451 1265 ·
1476 1235 1541 1273 as
1564 1220 1652 1273 ita
1674 1218 1872 1274 Codex.
1955 1232 2035 1289 17.
2071 1220 2219 1274 bnus
2239 1236 2315 1273 m.
2326 1222 2410 1291 μ,
2430 1236 2467 1275 ο
2481 1224 2753 1293 superscr.
2774 1236 2918 1277 corr.
2938 1238 3011 1275 m.
3026 1223 3091 1292 p.
3144 1234 3231 1277 20.
3256 1221 3606 1291 cog-noscetis

1041 1316 1117 1353 ex·
1135 1301 1467 1373 cognoscitis
1491 1303 1742 1357 correxit
1760 1319 1835 1358 m.
1847 1304 1914 1373 p.

903 1394 1023 1450 Fol.
1053 1396 1120 1450 17
1141 1396 1198 1452 b.
1247 1397 1298 1453 8.
1330 1412 1410 1465 14.
1447 1398 1480 1455 †
1508 1404 1640 1451 ante
1673 1398 1748 1453 Et
1782 1416 1960 1453 manu
1995 1412 2047 1453 2.
2071 1398 2255 1467 finem
2293 1397 2547 1454 lectzbmtr
2564 1400 2727 1471 forte
2761 1399 3064 1473 significat.
3163 1400 3243 1457 16.
3279 1402 3425 1457 uebo
3449 1417 3523 1455 m.
3540 1403 3605 1472 p.

1042 1496 1072 1533 r
1092 1482 1366 1551 superscr.
1392 1498 1536 1537 corr.
1563 1498 1635 1536 m.
1659 1496 1706 1535 2.

900 1574 948 1629 F
950 1575 1022 1630 ol.
1064 1575 1129 1631 18
1171 1577 1228 1633 b.
1273 1578 1346 1631 In
1383 1576 1528 1633 calce
1559 1579 1820 1649 paginae
1856 1578 2088 1648 scnjbsit
2127 1594 2335 1633 manus
2363 1580 2537 1650 post?
2573 1588 2630 1635 et
2664 1596 2761 1633 ma
2794 1580 2967 1649 quasi
3004 1580 3224 1649 ¹calami
3259 1580 3605 1651 experimen-

1039 1664 1164 1713 tum
1187 1676 1398 1731 agens,·
1431 1662 1720 1732 scriptura
1731 1665 1915 1732 paene
1938 1660 2122 1717 deleta
2144 1666 2243 1715 est.
2319 1662 2404 1717 28.
2442 1662 2731 1733 periculosi
2754 1680 2768 1719 :
2810 1662 2826 1718 i
2834 1664 3047 1735 finalis
3068 1680 3235 1718 erasa
3257 1668 3357 1720 est.

899 1753 946 1806 F
949 1754 1020 1808 01.
1046 1754 1132 1809 20.
1175 1756 1228 1812 9.
1257 1770 1278 1811 1
1291 1770 1314 1810 1
1329 1797 1343 1812 .
1370 1756 1753 1827 puplicanibus
1782 1768 1871 1813 et:
1899 1759 2036 1828 post
2056 1768 2112 1813 et
2126 1760 2331 1829 posuit
2351 1762 2389 1817 X
2410 1758 2593 1814 scriba
2616 1761 2789 1829 quasi
2808 1775 2844 1813 a
2866 1760 3204 1830 screpturus.

899 1853 1020 1909 Fol.
1059 1854 1130 1909 20
1163 1854 1218 1910 1).
1267 1856 1344 1911 In
1377 1858 1498 1911 ima
1521 1859 1746 1929 pagina
1783 1859 2058 1929 scriptum
2095 1864 2180 1912 est
2214 1875 2393 1913 manu
2428 1872 2460 1913 2
2492 1876 2664 1915 uenes
2692 1859 2876 1913 scriba
2894 1859 3108 1930 forsan
3143 1858 3356 1914 calami
3388 1860 3605 1930 experi-

1041 1943 1293 1992 mentum
1316 1944 1530 2011 agente.
1611 1941 1689 1997 18.
1717 1942 1752 1998 ·1·
1776 1947 1908 1995 ante
1935 1943 2095 1997 Haec
2124 1958 2302 1997 manu
2328 1956 2360 1996 2
2384 1943 2619 1997 im'tium
2644 1949 2714 1997 ut
2733 1942 2916 1997 mitur
2938 1942 3191 1997 lectionis
3212 1942 3515 2015 significat.

899 2038 1019 2093 Fol.
1056 2036 1120 2093 21
1159 2040 1215 2094 b.
1265 2052 1351 2106 27.
1388 2040 1560 2095 nostri
1601 2058 1674 2097 m.
1705 2044 1788 2113 p„
1831 2040 1898 2097 tri
1941 2044 2121 2097 erasit
2157 2058 2302 2098 corr.
2376 2043 2462 2097 28.
2498 2042 2616 2113 qud
2652 2060 2727 2097 m.
2752 2045 2833 2114 p„
2871 2060 2907 2097 o
2942 2046 3217 2113 superscr.
3254 2056 3398 2097 corr.
3437 2058 3509 2097 m.
3526 2044 3589 2111 p.

1041 2134 1128 2189 29.
1165 2123 1305 2179 uobs
1330 2138 1404 2178 m.
1417 2127 1502 2193 p„
1527 2123 1544 2178 i
1568 2128 1846 2195 superscr.
1869 2142 2015 2181 corr.
2040 2142 2114 2181 m.
2127 2130 2195 2196 p.
2271 2139 2360 2193 30.
2396 2134 2448 2181 st
2471 2142 2546 2181 m.
2560 2128 2645 2197 p„
2668 2144 2703 2181 e
2725 2128 3001 2197 superscr.
3022 2143 3169 2181 corr.
3196 2143 3271 2181 m.
3283 2130 3349 2199 p.

901 2220 1021 2276 Fol.
1047 2222 1135 2275 22.
1189 2223 1269 2277 10.
1301 2236 1346 2277 1.
1371 2224 1656 2293 laguorem
1679 2241 1752 2279 m.
1766 2228 1850 2295 p„
1876 2243 1913 2279 n
1937 2228 2215 2297 superscr.
2238 2243 2383 2281 corr.
2410 2243 2483 2279 m.
2497 2228 2564 2295 p.

899 2322 1020 2377 Fol.
1045 2322 1133 2375 23.
1188 2337 1266 2377 11.
1285 2322 1473 2379 ciuitte
1496 2325 1584 2378 ita
1613 2324 1811 2379 Codex.
1890 2340 1970 2379 12.
2008 2326 2339 2382 salutateam
2362 2326 2448 2381 ita
2478 2325 2608 2382 Cod.
2687 2338 2768 2395 13.
2804 2334 3111 2382 rena-tetur
3125 2342 3198 2380 m.
3213 2329 3295 2398 p„
3314 2332 3382 2381 ut
3401 2323 3603 2389 credo,-

1039 2405 1144 2460 sed
1159 2415 1278 2462 tetu
1289 2410 1474 2477 paene
1491 2424 1716 2461 erasum
1740 2413 1837 2463 est.

898 2502 1020 2557 Fol.
1045 2501 1114 2556 23
1139 2503 1194 2558 b.
1249 2502 1329 2558 16.
1367 2512 1491 2559 scut
1525 2519 1599 2558 m.
1622 2504 1750 2575 p.,i
1786 2508 2059 2576 superscr.
2094 2520 2239 2560 corr.
2278 2521 2351 2560 m.
2377 2508 2443 2576 p.
2538 2505 2618 2561 18.
2655 2516 2845 2577 prpter
2881 2523 2954 2560 m.
2976 2508 3042 2576 p.
3080 2522 3116 2560 o
3147 2508 3423 2576 superscr.
3457 2518 3602 2559 corr.

1040 2603 1114 2640 m.
1126 2589 1193 2657 p.
1274 2601 1355 2656 19.
1389 2586 1539 2642 enim
1561 2588 1900 2659 duplicauit,
1922 2591 2169 2657 incuria,
2196 2605 2271 2643 m.
2285 2593 2369 2660 p„
2382 2589 2741 2660 perlineauit
2762 2596 2818 2644 et
2842 2589 3129 2660 expunxit
3158 2588 3350 2643 eadem
3382 2603 3603 2642 manns.

900 2682 947 2736 F
950 2682 1021 2737 ol.
1047 2682 1134 2736 24.
1185 2697 1268 2751 23.
1293 2683 1374 2738 ὶΙέ.
1399 2685 1486 2738 ita
1515 2683 1644 2739 Cod.
1719 2699 1750 2738 2
1758 2696 1804 2754 5.
1839 2684 2062 2741 famlias
2087 2703 2159 2738 m.
2172 2689 2259 2756 μ,
2284 2685 2301 2740 i
2325 2689 2599 2756 supet-scr.
2625 2702 2769 2741 corr.
2796 2703 2870 2739 m.
2886 2689 2951 2758 p.

900 2778 1018 2834 FoL
1045 2779 1115 2832 24
1137 2781 1193 2835 b.
1243 2794 1328 2848 29.
1366 2781 1666 2851 dupassers
1703 2798 1776 2834 m.
1791 2783 1875 2852 p„
1900 2798 1934 2837 e
1958 2799 1991 2836 e
2015 2785 2289 2852 superscr.
2313 2797 2457 2836 corr.
2483 2799 2556 2835 m.
2570 2785 2637 2852 p.
2725 2780 2844 2837 sine
2876 2799 2889 2836 :
2927 2799 2954 2836 s
2992 2781 3057 2835 in
3093 2796 3304 2835 rasura
3327 2796 3367 2834 n
3392 2779 3603 2851 scripta

1039 2868 1123 2916 est
1143 2880 1181 2916 a
1204 2880 1277 2917 m.
1289 2866 1356 2934 p.
1429 2879 1496 2933 32
1525 2865 1558 2922 1·
1583 2864 1617 2920 ·1·
1641 2871 1775 2918 ante
1798 2865 1980 2920 omnis
2005 2870 2062 2918 et
2083 2881 2175 2920 me
2199 2881 2393 2919 coram
2417 2882 2595 2919 manu
2622 2879 2671 2920 2.
2696 2868 2943 2936 scriptae
2964 2869 3117 2919 sunt.

797 3005 802 3011 .
899 2958 1019 3012 Fol.
1046 2958 1131 3013 25.
1181 2971 1268 3028 37.
1293 2977 1427 3032 qum
1453 2977 1525 3015 m.
1538 2965 1622 3032 μ,
1648 2980 1685 3015 a
1707 2964 1984 3032 superscr.
2010 2978 2153 3015 corr.
2181 2977 2255 3014 m.
2270 2963 2335 3032 p.

899 3055 1019 3109 Fol.
1045 3053 1116 3109 25
1137 3056 1194 3110 b.
1248 3055 1330 3111 11.
1363 3071 1406 3112 1.
1432 3049 1848 3113 consummaset
1874 3074 1947 3111 m.
1962 3059 2045 3128 p„
2071 3074 2099 3112 s
2123 3059 2397 3127 superscr.
2421 3073 2564 3112 corr.
2591 3072 2665 3110 m.
2681 3059 2745 3126 p.
2818 3073 2886 3113 ae
2920 3057 2986 3112 in
3010 3053 3353 3127 praecipiens
3376 3053 3607 3125 smpsit

1038 3153 1182 3192 corr.
1210 3156 1283 3193 m.
1297 3142 1362 3211 p.
1385 3141 1451 3196 in
1474 3157 1685 3194 rasura
1708 3157 1757 3196 e.
1830 3154 1882 3207 4.
1919 3141 2229 3210 respndens
2254 3157 2327 3194 m.
2342 3143 2425 3210 p„
2450 3158 2485 3196 o
2507 3143 2783 3210 superscr.
2805 3157 2950 3196 corr.
2976 3157 3049 3194 m.
3063 3142 3129 3211 p.

901 3233 1022 3289 Fol.
1047 3234 1134 3289 26.
1189 3249 1269 3304 13.
1293 3252 1529 3292 omnnes
1545 3255 1568 3291 .·
1593 3237 1853 3306 pn'mam
1878 3253 1916 3292 11
1939 3238 2121 3291 erasit
2139 3253 2285 3292 corr.

898 3335 1020 3391 Fol.
1054 3335 1126 3390 26
1157 3337 1212 3391 b.
1267 3350 1346 3405 19.
1384 3336 1840 3408 ppuplicanorum
1865 3353 1940 3390 m.
1955 3339 2017 3408 p.
2045 3335 2255 3391 incun'a
2279 3354 2294 3403 ;
2331 3336 2594 3407 primam
2619 3353 2657 3406 p
2680 3337 2963 3408 eapunxit
2992 3341 3051 3391 et
3069 3334 3431 3406 perlineauit
3456 3347 3601 3389 corr.

1041 3434 1115 3473 m.
1128 3421 1194 3490 p.
1269 3434 1354 3476 21.
1395 3419 1570 3474 Credo
1604 3420 1745 3476 istae
1780 3427 1913 3474 ante
1949 3421 2196 3473 us'rtutes
2229 3437 2267 3474 a
2292 3435 2367 3474 m.
2381 3422 2445 3491 p.
2470 3420 2747 3490 smmum
2780 3434 2910 3488 esse,
2946 3417 3051 3474 sed
3076 3419 3256 3473 erau‘t
3286 3422 3563 3473 corrector
3580 3433 3603 3468 .·

1040 3505 1202 3558 unas
1223 3503 1413 3575 igitur
1431 3501 1658 3556 inclusi.

898 3602 945 3656 F
949 3601 1019 3656 ol.
1061 3600 1147 3654 27.
1197 3615 1282 3654 22.
1325 3617 1353 3655 s
1384 3599 1628 3671 finalem
1664 3600 1729 3654 in
1763 3597 2049 3655 remissius
2091 3599 2273 3653 erasit
2307 3615 2473 3667 cont,
2508 3603 2567 3653 et
2588 3598 2655 3652 in
2677 3615 2734 3654 v.
2762 3612 2849 3666 24.
2923 3611 3009 3666 27.
3046 3608 3262 3655 trasunt
3285 3615 3360 3654 m.
3374 3600 3458 3669 p„
3484 3596 3602 3653 dita

1063 3687 1336 3754 superscr.
1361 3699 1503 3738 corr.
1529 3700 1602 3736 m.
1616 3686 1683 3753 p.

900 3785 947 3840 F
950 3785 1021 3840 ol.
1057 3784 1128 3838 27
1161 3785 1218 3839 1).
1267 3784 1351 3838 28.
1388 3800 1514 3838 me:
1551 3800 1584 3838 e
1613 3784 1679 3838 in
1711 3799 1921 3837 rasura
1944 3783 2158 3853 smpta
2188 3787 2273 3836 est
2305 3798 2344 3834 a
2381 3798 2453 3836 m.
2466 3785 2532 3852 p.
2605 3799 2667 3838 es
2702 3782 2768 3837 in
2803 3781 2939 3838 estis
2974 3799 3048 3836 ex
3077 3791 3134 3838 et
3167 3783 3415 3837 correxit
3447 3797 3522 3836 m.
3535 3783 3601 3852 p.

1046 3867 1129 3923 12.
1162 3882 1205 3922 1.
1229 3867 1303 3923 ilo
1329 3884 1402 3922 m.
1413 3870 1500 3938 p„
1525 3868 1544 3921 1
1565 3870 1838 3937 superscr.
1862 3883 2005 3922 corr.
2031 3884 2104 3920 m.
2118 3868 2186 3936 p.
2260 3875 2479 3936 segetes
2503 3883 2518 3921 :
2558 3883 2585 3921 s
2591 3865 2803 3936 finalis
2824 3883 2991 3920 erasa
3012 3871 3110 3920 est.

901 3970 1022 4026 Fol.
1047 3967 1134 4022 29.
1183 3982 1268 4022 20.
1294 3967 1443 4022 done
1478 3969 1565 4022 ita
1606 3967 1735 4023 Cod.
1807 3982 1894 4036 24.
1929 3967 2175 4022 belzebul
2211 3983 2285 4022 m.
2304 3969 2390 4037 p„
2424 3983 2457 4022 e
2480 3969 2754 4038 superscr.
2780 3983 2923 4022 corr.
2948 3984 3023 4020 m.
3036 3969 3102 4038 p.
3176 3965 3262 4020 26.
3298 3964 3407 4021 ecit
3430 3981 3504 4020 m.
3516 3967 3602 4036 p„

1042 4052 1061 4107 i
1084 4055 1357 4123 superscr.
1381 4067 1524 4106 corr.
1550 4069 1624 4106 m.
1634 4054 1705 4122 p.

902 4155 949 4210 F
952 4155 1025 4210 ol.
1049 4153 1119 4209 29
1141 4155 1197 4209 1).
1247 4167 1332 4224 29.
1356 4154 1604 4224 qumodo
1627 4169 1702 4208 m.
1715 4155 1798 4224 p„
1823 4171 1860 4208 o
1882 4154 2157 4224 superscr.
2182 4167 2327 4206 corr.
2352 4168 2425 4206 m.
2439 4154 2507 4223 p.

900 4255 1022 4310 Fol.
1047 4254 1118 4311 30
1139 4256 1196 4311 1).
1243 4267 1330 4320 42.
1354 4269 1425 4310 ea
1448 4295 1461 4309 .
1491 4293 1506 4308 .
1531 4254 1628 4325 plu
1655 4271 1670 4310 τ
1697 4254 1783 4308 ita
1811 4253 1941 4308 Cod.
2013 4253 2156 4308 Post
2177 4251 2291 4308 ista
2314 4252 2547 4323 scripsit
2566 4269 2641 4308 m.
2656 4255 2721 4324 p.
2750 4253 2833 4308 Co
2856 4249 3016 4322 quod
3032 4249 3245 4306 delenit
3264 4265 3409 4306 corr.
