<?xml version="1.0" encoding="UTF-8"?>
<!DOCTYPE html PUBLIC "-//W3C//DTD XHTML 1.0 Transitional//EN"
    "http://www.w3.org/TR/xhtml1/DTD/xhtml1-transitional.dtd">
<html xmlns="http://www.w3.org/1999/xhtml" xml:lang="en" lang="en">
 <head>
  <title>
</title>
<meta http-equiv="Content-Type" content="text/html;charset=utf-8" />
  <meta name='ocr-system' content='tesseract 3.04.00' />
  <meta name='ocr-capabilities' content='ocr_page ocr_carea ocr_par ocr_line ocrx_word'/>
</head>
<body>
  <div class='ocr_page' id='page_1' title='image "./fourgospelsfrom00wordgoog_0206.png"; bbox 0 0 4373 5048; ppageno 0'>
   <div class='ocr_carea' id='block_1_1' title="bbox 923 390 2764 471">
    <p class='ocr_par' dir='ltr' id='par_1_1' title="bbox 923 390 2764 471">
     <span class='ocr_line' id='line_1_1' title="bbox 923 390 2764 471; baseline -0.001 -16"><span class='ocrx_word' id='word_1_1' title='bbox 923 410 1050 471; x_wconf 89' lang='lat'><em>144</em></span> <span class='ocrx_word' id='word_1_2' title='bbox 1803 390 2265 453; x_wconf 84' lang='lat' dir='ltr'><em>EDITORIS</em></span> <span class='ocrx_word' id='word_1_3' title='bbox 2303 390 2764 453; x_wconf 77' lang='lat' dir='ltr'><em>NOTULAE.</em></span> 
     </span>
    </p>
   </div>
   <div class='ocr_carea' id='block_1_2' title="bbox 919 570 3639 713">
    <p class='ocr_par' dir='ltr' id='par_1_2' title="bbox 919 570 3639 713">
     <span class='ocr_line' id='line_1_2' title="bbox 919 570 3639 711; baseline 0.001 -84"><span class='ocrx_word' id='word_1_4' title='bbox 919 572 1042 628; x_wconf 87' lang='lat' dir='ltr'><strong>Fol.</strong></span> <span class='ocrx_word' id='word_1_5' title='bbox 1067 570 1166 711; x_wconf 54' lang='lat'><em>62</em></span> <span class='ocrx_word' id='word_1_6' title='bbox 1208 586 1316 711; x_wconf 43' lang='lat'><em>271}</em></span> <span class='ocrx_word' id='word_1_7' title='bbox 1329 573 1542 644; x_wconf 69' lang='lat' dir='ltr'><strong>opt-tuit</strong></span> <span class='ocrx_word' id='word_1_8' title='bbox 1567 590 1642 628; x_wconf 88' lang='lat' dir='ltr'><em>m.</em></span> <span class='ocrx_word' id='word_1_9' title='bbox 1646 576 1732 645; x_wconf 86' lang='lat' dir='ltr'><em>p.,</em></span> <span class='ocrx_word' id='word_1_10' title='bbox 1757 590 1794 628; x_wconf 91' lang='lat' dir='ltr'>o</span> <span class='ocrx_word' id='word_1_11' title='bbox 1817 577 2093 646; x_wconf 81' lang='lat' dir='ltr'><em>superscr.</em></span> <span class='ocrx_word' id='word_1_12' title='bbox 2119 588 2264 628; x_wconf 85' lang='lat' dir='ltr'><em>corr.</em></span> <span class='ocrx_word' id='word_1_13' title='bbox 2290 590 2365 627; x_wconf 90' lang='lat' dir='ltr'><em>m.</em></span> <span class='ocrx_word' id='word_1_14' title='bbox 2370 575 2438 643; x_wconf 91' lang='lat' dir='ltr'><em>p.</em></span> <span class='ocrx_word' id='word_1_15' title='bbox 2512 586 2599 643; x_wconf 87' lang='lat'><strong>31.</strong></span> <span class='ocrx_word' id='word_1_16' title='bbox 2638 574 2673 629; x_wconf 78' lang='lat'><em>†</em></span> <span class='ocrx_word' id='word_1_17' title='bbox 2696 577 2831 628; x_wconf 81' lang='lat' dir='ltr'><em>ante</em></span> <span class='ocrx_word' id='word_1_18' title='bbox 2854 572 3001 631; x_wconf 84' lang='lat' dir='ltr'><em>Cum</em></span> <span class='ocrx_word' id='word_1_19' title='bbox 3030 590 3209 629; x_wconf 79' lang='lat' dir='ltr'><em>manu</em></span> <span class='ocrx_word' id='word_1_20' title='bbox 3234 588 3284 643; x_wconf 84' lang='lat'><em>2,</em></span> <span class='ocrx_word' id='word_1_21' title='bbox 3308 576 3545 629; x_wconf 49' lang='lat' dir='ltr'><em>tatinum</em></span> <span class='ocrx_word' id='word_1_22' title='bbox 3570 585 3639 630; x_wconf 79' lang='lat' dir='ltr'><em>ut</em></span> 
     </span>
     <span class='ocr_line' id='line_1_3' title="bbox 1058 659 1534 713; baseline 0.002 -3"><span class='ocrx_word' id='word_1_23' title='bbox 1058 673 1100 710; x_wconf 84' lang='lat' dir='ltr'><em>u</em></span> <span class='ocrx_word' id='word_1_24' title='bbox 1164 673 1244 711; x_wconf 87' lang='lat' dir='ltr'><em>ur</em></span> <span class='ocrx_word' id='word_1_25' title='bbox 1313 659 1534 713; x_wconf 67' lang='lat' dir='ltr'><em>cticvmze.</em></span> 
     </span>
    </p>
   </div>
   <div class='ocr_carea' id='block_1_3' title="bbox 918 754 2420 829">
    <p class='ocr_par' dir='ltr' id='par_1_3' title="bbox 918 754 2420 829">
     <span class='ocr_line' id='line_1_4' title="bbox 918 754 2420 829; baseline -0.001 -18"><span class='ocrx_word' id='word_1_26' title='bbox 918 755 1044 811; x_wconf 83' lang='lat' dir='ltr'><strong>Fol.</strong></span> <span class='ocrx_word' id='word_1_27' title='bbox 1069 754 1209 811; x_wconf 87' lang='lat' dir='ltr'><strong>68b.</strong></span> <span class='ocrx_word' id='word_1_28' title='bbox 1259 771 1345 825; x_wconf 85' lang='lat'><strong>34.</strong></span> <span class='ocrx_word' id='word_1_29' title='bbox 1383 766 1538 827; x_wconf 78' lang='lat' dir='ltr'><em>patrs</em></span> <span class='ocrx_word' id='word_1_30' title='bbox 1564 774 1639 812; x_wconf 85' lang='lat' dir='ltr'><em>m.</em></span> <span class='ocrx_word' id='word_1_31' title='bbox 1645 760 1730 829; x_wconf 90' lang='lat' dir='ltr'><em>p.,</em></span> <span class='ocrx_word' id='word_1_32' title='bbox 1757 756 1774 811; x_wconf 89' lang='lat' dir='ltr'><strong>i</strong></span> <span class='ocrx_word' id='word_1_33' title='bbox 1798 759 2075 827; x_wconf 73' lang='lat' dir='ltr'><em>super-scr.</em></span> <span class='ocrx_word' id='word_1_34' title='bbox 2099 772 2245 811; x_wconf 81' lang='lat' dir='ltr'><em>corr.</em></span> <span class='ocrx_word' id='word_1_35' title='bbox 2272 772 2346 809; x_wconf 86' lang='lat' dir='ltr'><em>m.</em></span> <span class='ocrx_word' id='word_1_36' title='bbox 2353 759 2420 827; x_wconf 83' lang='lat' dir='ltr'><em>p.</em></span> 
     </span>
    </p>
   </div>
   <div class='ocr_carea' id='block_1_4' title="bbox 919 855 2879 1011">
    <p class='ocr_par' dir='ltr' id='par_1_4' title="bbox 919 855 2879 1011">
     <span class='ocr_line' id='line_1_5' title="bbox 919 855 2879 927; baseline 0 -17"><span class='ocrx_word' id='word_1_37' title='bbox 919 856 966 910; x_wconf 90' lang='lat' dir='ltr'><strong>F</strong></span> <span class='ocrx_word' id='word_1_38' title='bbox 970 857 1043 911; x_wconf 88' lang='lat' dir='ltr'><em>ol.</em></span> <span class='ocrx_word' id='word_1_39' title='bbox 1068 855 1156 910; x_wconf 88' lang='grc'><em>69.</em></span> <span class='ocrx_word' id='word_1_40' title='bbox 1205 869 1293 923; x_wconf 90' lang='lat'><em>41.</em></span> <span class='ocrx_word' id='word_1_41' title='bbox 1329 874 1388 910; x_wconf 88' lang='lat' dir='ltr'><strong>m</strong></span> <span class='ocrx_word' id='word_1_42' title='bbox 1410 857 1476 912; x_wconf 80' lang='lat' dir='ltr'><em>in</em></span> <span class='ocrx_word' id='word_1_43' title='bbox 1496 856 1781 913; x_wconf 81' lang='lat' dir='ltr'><strong>sinistram</strong></span> <span class='ocrx_word' id='word_1_44' title='bbox 1805 858 2090 927; x_wconf 74' lang='lat' dir='ltr'><em>expunxit</em></span> <span class='ocrx_word' id='word_1_45' title='bbox 2110 861 2166 911; x_wconf 82' lang='lat' dir='ltr'><em>et</em></span> <span class='ocrx_word' id='word_1_46' title='bbox 2176 856 2535 927; x_wconf 78' lang='lat' dir='ltr'><em>perlineauit</em></span> <span class='ocrx_word' id='word_1_47' title='bbox 2558 873 2703 912; x_wconf 85' lang='lat' dir='ltr'><em>corr.</em></span> <span class='ocrx_word' id='word_1_48' title='bbox 2730 872 2803 911; x_wconf 86' lang='lat' dir='ltr'><em>m.</em></span> <span class='ocrx_word' id='word_1_49' title='bbox 2812 859 2879 927; x_wconf 88' lang='lat' dir='ltr'><em>p.</em></span> 
     </span>
     <span class='ocr_line' id='line_1_6' title="bbox 1060 938 2281 1011; baseline 0.002 -20"><span class='ocrx_word' id='word_1_50' title='bbox 1060 953 1149 1006; x_wconf 89' lang='lat'><em>42.</em></span> <span class='ocrx_word' id='word_1_51' title='bbox 1186 938 1390 994; x_wconf 85' lang='lat' dir='ltr'><strong>dedisti</strong></span> <span class='ocrx_word' id='word_1_52' title='bbox 1416 956 1490 994; x_wconf 90' lang='lat' dir='ltr'><em>m.</em></span> <span class='ocrx_word' id='word_1_53' title='bbox 1497 943 1582 1010; x_wconf 89' lang='lat' dir='ltr'><em>p.,</em></span> <span class='ocrx_word' id='word_1_54' title='bbox 1609 957 1636 995; x_wconf 88' lang='lat' dir='ltr'>s</span> <span class='ocrx_word' id='word_1_55' title='bbox 1661 944 1936 1011; x_wconf 85' lang='lat' dir='ltr'><em>superscr.</em></span> <span class='ocrx_word' id='word_1_56' title='bbox 1961 955 2105 996; x_wconf 81' lang='lat' dir='ltr'><em>corr.</em></span> <span class='ocrx_word' id='word_1_57' title='bbox 2131 957 2206 994; x_wconf 86' lang='lat' dir='ltr'><em>m.</em></span> <span class='ocrx_word' id='word_1_58' title='bbox 2214 943 2281 1010; x_wconf 92' lang='lat' dir='ltr'><em>p.</em></span> 
     </span>
    </p>
   </div>
   <div class='ocr_carea' id='block_1_5' title="bbox 919 1037 3645 1191">
    <p class='ocr_par' dir='ltr' id='par_1_5' title="bbox 919 1037 3645 1191">
     <span class='ocr_line' id='line_1_7' title="bbox 919 1037 3645 1112; baseline 0.001 -21"><span class='ocrx_word' id='word_1_59' title='bbox 919 1038 966 1091; x_wconf 89' lang='lat' dir='ltr'><strong>F</strong></span> <span class='ocrx_word' id='word_1_60' title='bbox 969 1038 1042 1093; x_wconf 91' lang='lat' dir='ltr'><em>ol.</em></span> <span class='ocrx_word' id='word_1_61' title='bbox 1066 1037 1138 1092; x_wconf 85' lang='lat'><em>69</em></span> <span class='ocrx_word' id='word_1_62' title='bbox 1154 1039 1210 1093; x_wconf 94' lang='lat' dir='ltr'><strong>b.</strong></span> <span class='ocrx_word' id='word_1_63' title='bbox 1258 1038 1346 1105; x_wconf 85' lang='lat'><strong>46.</strong></span> <span class='ocrx_word' id='word_1_64' title='bbox 1381 1050 1472 1095; x_wconf 78' lang='lat' dir='ltr'><em>aet</em></span> <span class='ocrx_word' id='word_1_65' title='bbox 1497 1040 1561 1093; x_wconf 81' lang='lat' dir='ltr'><em>in</em></span> <span class='ocrx_word' id='word_1_66' title='bbox 1585 1048 1846 1096; x_wconf 87' lang='lat' dir='ltr'><em>aeternas</em></span> <span class='ocrx_word' id='word_1_67' title='bbox 1869 1057 1943 1094; x_wconf 81' lang='lat' dir='ltr'><em>ex</em></span> <span class='ocrx_word' id='word_1_68' title='bbox 1962 1051 2022 1096; x_wconf 88' lang='lat' dir='ltr'><em>at</em></span> <span class='ocrx_word' id='word_1_69' title='bbox 2049 1042 2300 1095; x_wconf 74' lang='lat' dir='ltr'><em>cor-rexit</em></span> <span class='ocrx_word' id='word_1_70' title='bbox 2330 1056 2404 1094; x_wconf 92' lang='lat' dir='ltr'><em>m.</em></span> <span class='ocrx_word' id='word_1_71' title='bbox 2412 1042 2479 1110; x_wconf 89' lang='lat' dir='ltr'><em>p.</em></span> <span class='ocrx_word' id='word_1_72' title='bbox 2551 1039 2640 1093; x_wconf 88' lang='lat'><em>26.</em></span> <span class='ocrx_word' id='word_1_73' title='bbox 2665 1054 2716 1108; x_wconf 87' lang='lat'><strong>3.</strong></span> <span class='ocrx_word' id='word_1_74' title='bbox 2742 1049 2947 1109; x_wconf 84' lang='lat' dir='ltr'><em>congat</em></span> <span class='ocrx_word' id='word_1_75' title='bbox 2972 1042 3275 1111; x_wconf 68' lang='lat' dir='ltr'><em>scripserat</em></span> <span class='ocrx_word' id='word_1_76' title='bbox 3297 1044 3457 1112; x_wconf 90' lang='grc' dir='ltr'><strong><em>ηιμ,</em></strong></span> <span class='ocrx_word' id='word_1_77' title='bbox 3486 1041 3645 1111; x_wconf 72' lang='lat' dir='ltr'><em>quod</em></span> 
     </span>
     <span class='ocr_line' id='line_1_8' title="bbox 1061 1122 2212 1191; baseline 0.002 -16"><span class='ocrx_word' id='word_1_78' title='bbox 1061 1122 1127 1175; x_wconf 76' lang='lat' dir='ltr'><em>in</em></span> <span class='ocrx_word' id='word_1_79' title='bbox 1152 1122 1476 1191; x_wconf 83' lang='lat' dir='ltr'><strong>congregati</strong></span> <span class='ocrx_word' id='word_1_80' title='bbox 1502 1124 1754 1177; x_wconf 69' lang='lat' dir='ltr'><em>cor-rexit</em></span> <span class='ocrx_word' id='word_1_81' title='bbox 1772 1122 1962 1177; x_wconf 82' lang='lat' dir='ltr'><em>eadem</em></span> <span class='ocrx_word' id='word_1_82' title='bbox 1988 1140 2212 1177; x_wconf 82' lang='lat' dir='ltr'><em>manus.</em></span> 
     </span>
    </p>
   </div>
   <div class='ocr_carea' id='block_1_6' title="bbox 921 1219 3633 1376">
    <p class='ocr_par' dir='ltr' id='par_1_6' title="bbox 921 1219 3633 1376">
     <span class='ocr_line' id='line_1_9' title="bbox 921 1219 3633 1360; baseline 0.001 -85"><span class='ocrx_word' id='word_1_83' title='bbox 921 1219 1043 1275; x_wconf 88' lang='lat' dir='ltr'><strong>Fol.</strong></span> <span class='ocrx_word' id='word_1_84' title='bbox 1069 1220 1140 1275; x_wconf 93' lang='grc'><em>70</em></span> <span class='ocrx_word' id='word_1_85' title='bbox 1158 1221 1214 1275; x_wconf 95' lang='lat' dir='ltr'><strong>b.</strong></span> <span class='ocrx_word' id='word_1_86' title='bbox 1249 1233 1352 1360; x_wconf 51' lang='grc' dir='ltr'><strong>ἐγ.</strong></span> <span class='ocrx_word' id='word_1_87' title='bbox 1387 1222 1462 1278; x_wconf 92' lang='lat' dir='ltr'><em>In</em></span> <span class='ocrx_word' id='word_1_88' title='bbox 1487 1225 1750 1293; x_wconf 80' lang='lat' dir='ltr'><em>margine</em></span> <span class='ocrx_word' id='word_1_89' title='bbox 1764 1224 1997 1294; x_wconf 75' lang='lat' dir='ltr'><em>smpsit</em></span> <span class='ocrx_word' id='word_1_90' title='bbox 2010 1239 2152 1279; x_wconf 80' lang='lat' dir='ltr'><em>cena</em></span> <span class='ocrx_word' id='word_1_91' title='bbox 2167 1220 2227 1277; x_wconf 72' lang='lat' dir='ltr'><em>dt</em></span> <span class='ocrx_word' id='word_1_92' title='bbox 2252 1240 2327 1277; x_wconf 90' lang='lat' dir='ltr'><em>m.</em></span> <span class='ocrx_word' id='word_1_93' title='bbox 2354 1236 2403 1277; x_wconf 87' lang='lat'><strong>2.</strong></span> <span class='ocrx_word' id='word_1_94' title='bbox 2485 1236 2564 1293; x_wconf 87' lang='lat'><em>19.</em></span> <span class='ocrx_word' id='word_1_95' title='bbox 2589 1239 2689 1278; x_wconf 85' lang='lat' dir='ltr'><em>uer</em></span> <span class='ocrx_word' id='word_1_96' title='bbox 2699 1224 2768 1278; x_wconf 77' lang='lat' dir='ltr'><em>t&#39;n</em></span> <span class='ocrx_word' id='word_1_97' title='bbox 2786 1233 3126 1293; x_wconf 84' lang='lat' dir='ltr'><em>parauerunt</em></span> <span class='ocrx_word' id='word_1_98' title='bbox 3144 1225 3209 1279; x_wconf 77' lang='lat' dir='ltr'><em>in</em></span> <span class='ocrx_word' id='word_1_99' title='bbox 3228 1240 3341 1279; x_wconf 79' lang='lat' dir='ltr'><em>ms.</em></span> <span class='ocrx_word' id='word_1_100' title='bbox 3359 1224 3633 1293; x_wconf 68' lang='lat' dir='ltr'><em>serapium</em></span> 
     </span>
     <span class='ocr_line' id='line_1_10' title="bbox 1063 1309 1518 1376; baseline 0.002 -17"><span class='ocrx_word' id='word_1_101' title='bbox 1063 1310 1164 1372; x_wconf 82' lang='lat' dir='ltr'><em>est,</em></span> <span class='ocrx_word' id='word_1_102' title='bbox 1191 1320 1251 1359; x_wconf 87' lang='lat' dir='ltr'><em>se</em></span> <span class='ocrx_word' id='word_1_103' title='bbox 1311 1322 1350 1358; x_wconf 89' lang='lat' dir='ltr'><em>a</em></span> <span class='ocrx_word' id='word_1_104' title='bbox 1373 1321 1448 1359; x_wconf 85' lang='lat' dir='ltr'><em>m.</em></span> <span class='ocrx_word' id='word_1_105' title='bbox 1452 1309 1518 1376; x_wconf 90' lang='lat' dir='ltr'><em>p.</em></span> 
     </span>
    </p>
   </div>
   <div class='ocr_carea' id='block_1_7' title="bbox 923 1404 3635 1559">
    <p class='ocr_par' dir='ltr' id='par_1_7' title="bbox 923 1404 3635 1559">
     <span class='ocr_line' id='line_1_11' title="bbox 923 1404 3635 1477; baseline 0.001 -18"><span class='ocrx_word' id='word_1_106' title='bbox 923 1404 970 1459; x_wconf 87' lang='lat' dir='ltr'><strong>F</strong></span> <span class='ocrx_word' id='word_1_107' title='bbox 973 1404 1046 1459; x_wconf 93' lang='lat' dir='ltr'><em>ol.</em></span> <span class='ocrx_word' id='word_1_108' title='bbox 1073 1404 1160 1460; x_wconf 92' lang='grc'><em>71.</em></span> <span class='ocrx_word' id='word_1_109' title='bbox 1211 1418 1298 1459; x_wconf 90' lang='grc'><em>21.</em></span> <span class='ocrx_word' id='word_1_110' title='bbox 1335 1405 1450 1475; x_wconf 87' lang='lat' dir='ltr'><em>qud</em></span> <span class='ocrx_word' id='word_1_111' title='bbox 1475 1408 1644 1475; x_wconf 90' lang='grc' dir='ltr'><strong><em>ηιμ,</em></strong></span> <span class='ocrx_word' id='word_1_112' title='bbox 1669 1422 1704 1459; x_wconf 93' lang='lat' dir='ltr'>o</span> <span class='ocrx_word' id='word_1_113' title='bbox 1727 1408 2002 1475; x_wconf 85' lang='lat' dir='ltr'><em>superscr.</em></span> <span class='ocrx_word' id='word_1_114' title='bbox 2027 1420 2172 1459; x_wconf 84' lang='lat' dir='ltr'><em>corr.</em></span> <span class='ocrx_word' id='word_1_115' title='bbox 2198 1422 2273 1459; x_wconf 86' lang='lat' dir='ltr'><em>m.</em></span> <span class='ocrx_word' id='word_1_116' title='bbox 2277 1406 2343 1475; x_wconf 93' lang='lat' dir='ltr'><em>p.</em></span> <span class='ocrx_word' id='word_1_117' title='bbox 2418 1418 2503 1472; x_wconf 92' lang='grc'><em>24.</em></span> <span class='ocrx_word' id='word_1_118' title='bbox 2540 1406 2581 1460; x_wconf 85' lang='grc'><em>11</em></span> <span class='ocrx_word' id='word_1_119' title='bbox 2604 1404 2852 1463; x_wconf 86' lang='lat' dir='ltr'><strong>hominis</strong></span> <span class='ocrx_word' id='word_1_120' title='bbox 2877 1423 2951 1460; x_wconf 90' lang='lat' dir='ltr'><em>m.</em></span> <span class='ocrx_word' id='word_1_121' title='bbox 2959 1408 3043 1477; x_wconf 86' lang='lat' dir='ltr'><em>p.,</em></span> <span class='ocrx_word' id='word_1_122' title='bbox 3078 1406 3183 1461; x_wconf 85' lang='lat' dir='ltr'><em>sed</em></span> <span class='ocrx_word' id='word_1_123' title='bbox 3198 1406 3373 1477; x_wconf 73' lang='lat' dir='ltr'><em>prior</em></span> <span class='ocrx_word' id='word_1_124' title='bbox 3396 1406 3437 1460; x_wconf 90' lang='lat' dir='ltr'>h</span> <span class='ocrx_word' id='word_1_125' title='bbox 3472 1422 3635 1461; x_wconf 83' lang='lat' dir='ltr'><em>erasa</em></span> 
     </span>
     <span class='ocr_line' id='line_1_12' title="bbox 1059 1486 2464 1559; baseline 0 -18"><span class='ocrx_word' id='word_1_126' title='bbox 1059 1493 1160 1542; x_wconf 84' lang='lat' dir='ltr'><em>est.</em></span> <span class='ocrx_word' id='word_1_127' title='bbox 1231 1488 1320 1542; x_wconf 85' lang='lat'><strong>26.</strong></span> <span class='ocrx_word' id='word_1_128' title='bbox 1358 1486 1579 1557; x_wconf 79' lang='lat' dir='ltr'><strong>accipte</strong></span> <span class='ocrx_word' id='word_1_129' title='bbox 1603 1505 1677 1541; x_wconf 86' lang='lat' dir='ltr'><em>m.</em></span> <span class='ocrx_word' id='word_1_130' title='bbox 1685 1491 1769 1559; x_wconf 92' lang='grc' dir='ltr'><em>μ,</em></span> <span class='ocrx_word' id='word_1_131' title='bbox 1795 1488 1814 1543; x_wconf 92' lang='lat' dir='ltr'><strong>i</strong></span> <span class='ocrx_word' id='word_1_132' title='bbox 1838 1492 2114 1559; x_wconf 83' lang='lat' dir='ltr'><em>superscr.</em></span> <span class='ocrx_word' id='word_1_133' title='bbox 2140 1504 2285 1543; x_wconf 84' lang='lat' dir='ltr'><em>corr.</em></span> <span class='ocrx_word' id='word_1_134' title='bbox 2312 1503 2387 1541; x_wconf 85' lang='lat' dir='ltr'><em>m.</em></span> <span class='ocrx_word' id='word_1_135' title='bbox 2414 1502 2464 1557; x_wconf 91' lang='lat'><em>3.</em></span> 
     </span>
    </p>
   </div>
   <div class='ocr_carea' id='block_1_8' title="bbox 924 1586 2407 1659">
    <p class='ocr_par' dir='ltr' id='par_1_8' title="bbox 924 1586 2407 1659">
     <span class='ocr_line' id='line_1_13' title="bbox 924 1586 2407 1659; baseline 0.001 -18"><span class='ocrx_word' id='word_1_136' title='bbox 924 1586 1046 1643; x_wconf 84' lang='lat' dir='ltr'><strong>Fol.</strong></span> <span class='ocrx_word' id='word_1_137' title='bbox 1073 1586 1215 1642; x_wconf 81' lang='grc'><strong>7111.</strong></span> <span class='ocrx_word' id='word_1_138' title='bbox 1267 1601 1352 1656; x_wconf 89' lang='grc'><em>29.</em></span> <span class='ocrx_word' id='word_1_139' title='bbox 1391 1588 1532 1643; x_wconf 87' lang='lat' dir='ltr'><em>uobs</em></span> <span class='ocrx_word' id='word_1_140' title='bbox 1557 1604 1632 1641; x_wconf 92' lang='lat' dir='ltr'><em>m.</em></span> <span class='ocrx_word' id='word_1_141' title='bbox 1635 1591 1720 1658; x_wconf 88' lang='lat' dir='ltr'><em>p.,</em></span> <span class='ocrx_word' id='word_1_142' title='bbox 1746 1586 1764 1641; x_wconf 88' lang='lat' dir='ltr'><strong>i</strong></span> <span class='ocrx_word' id='word_1_143' title='bbox 1788 1591 2065 1659; x_wconf 86' lang='lat' dir='ltr'><em>superscr.</em></span> <span class='ocrx_word' id='word_1_144' title='bbox 2089 1604 2235 1644; x_wconf 88' lang='lat' dir='ltr'><em>corr.</em></span> <span class='ocrx_word' id='word_1_145' title='bbox 2260 1605 2334 1642; x_wconf 85' lang='lat' dir='ltr'><em>m.</em></span> <span class='ocrx_word' id='word_1_146' title='bbox 2340 1592 2407 1659; x_wconf 91' lang='lat' dir='ltr'><em>p.</em></span> 
     </span>
    </p>
   </div>
   <div class='ocr_carea' id='block_1_9' title="bbox 923 1686 3635 1925">
    <p class='ocr_par' dir='ltr' id='par_1_9' title="bbox 923 1686 3635 1925">
     <span class='ocr_line' id='line_1_14' title="bbox 923 1686 3633 1759; baseline 0.001 -18"><span class='ocrx_word' id='word_1_147' title='bbox 923 1686 1048 1742; x_wconf 87' lang='lat' dir='ltr'><strong>Fol.</strong></span> <span class='ocrx_word' id='word_1_148' title='bbox 1075 1686 1162 1742; x_wconf 88' lang='grc'><em>72.</em></span> <span class='ocrx_word' id='word_1_149' title='bbox 1213 1702 1299 1756; x_wconf 88' lang='grc'><em>34.</em></span> <span class='ocrx_word' id='word_1_150' title='bbox 1336 1698 1467 1743; x_wconf 84' lang='lat' dir='ltr'><em>note</em></span> <span class='ocrx_word' id='word_1_151' title='bbox 1493 1705 1566 1742; x_wconf 91' lang='lat' dir='ltr'><em>m.</em></span> <span class='ocrx_word' id='word_1_152' title='bbox 1579 1692 1664 1759; x_wconf 92' lang='lat' dir='ltr'><em>p.,</em></span> <span class='ocrx_word' id='word_1_153' title='bbox 1701 1705 1732 1743; x_wconf 94' lang='lat' dir='ltr'>c</span> <span class='ocrx_word' id='word_1_154' title='bbox 1767 1692 2042 1759; x_wconf 86' lang='lat' dir='ltr'><em>superscr.</em></span> <span class='ocrx_word' id='word_1_155' title='bbox 2078 1704 2225 1744; x_wconf 86' lang='lat' dir='ltr'><em>corr.</em></span> <span class='ocrx_word' id='word_1_156' title='bbox 2250 1707 2325 1743; x_wconf 88' lang='lat' dir='ltr'><em>m.</em></span> <span class='ocrx_word' id='word_1_157' title='bbox 2350 1702 2400 1757; x_wconf 89' lang='lat'><em>3.</em></span> <span class='ocrx_word' id='word_1_158' title='bbox 2476 1701 2561 1756; x_wconf 86' lang='lat'><strong>37.</strong></span> <span class='ocrx_word' id='word_1_159' title='bbox 2598 1688 2875 1743; x_wconf 79' lang='lat' dir='ltr'><strong>cotristari</strong></span> <span class='ocrx_word' id='word_1_160' title='bbox 2911 1691 3082 1759; x_wconf 83' lang='grc' dir='ltr'><strong><em>ηιμ,</em></strong></span> <span class='ocrx_word' id='word_1_161' title='bbox 3112 1703 3149 1742; x_wconf 89' lang='grc'><em>11</em></span> <span class='ocrx_word' id='word_1_162' title='bbox 3182 1691 3456 1758; x_wconf 83' lang='lat' dir='ltr'><em>superscr.</em></span> <span class='ocrx_word' id='word_1_163' title='bbox 3488 1706 3633 1744; x_wconf 86' lang='lat' dir='ltr'><em>corr.</em></span> 
     </span>
     <span class='ocr_line' id='line_1_15' title="bbox 1063 1770 3634 1842; baseline 0.002 -19"><span class='ocrx_word' id='word_1_164' title='bbox 1063 1785 1138 1824; x_wconf 84' lang='lat' dir='ltr'><em>m.</em></span> <span class='ocrx_word' id='word_1_165' title='bbox 1165 1784 1215 1839; x_wconf 91' lang='lat'><em>3.</em></span> <span class='ocrx_word' id='word_1_166' title='bbox 1285 1784 1374 1837; x_wconf 88' lang='lat'><em>40.</em></span> <span class='ocrx_word' id='word_1_167' title='bbox 1411 1780 1568 1826; x_wconf 88' lang='lat' dir='ltr'><strong>entes</strong></span> <span class='ocrx_word' id='word_1_168' title='bbox 1589 1772 1654 1825; x_wconf 84' lang='lat' dir='ltr'><em>in</em></span> <span class='ocrx_word' id='word_1_169' title='bbox 1681 1770 2024 1827; x_wconf 85' lang='lat' dir='ltr'><strong>dormientes</strong></span> <span class='ocrx_word' id='word_1_170' title='bbox 2048 1772 2240 1827; x_wconf 81' lang='lat' dir='ltr'><em>subter</em></span> <span class='ocrx_word' id='word_1_171' title='bbox 2261 1772 2470 1826; x_wconf 81' lang='lat' dir='ltr'><em>lineam</em></span> <span class='ocrx_word' id='word_1_172' title='bbox 2494 1772 2727 1841; x_wconf 67' lang='lat' dir='ltr'><em>scripsit</em></span> <span class='ocrx_word' id='word_1_173' title='bbox 2750 1788 2823 1823; x_wconf 82' lang='lat' dir='ltr'><em>m.</em></span> <span class='ocrx_word' id='word_1_174' title='bbox 2828 1774 2892 1841; x_wconf 94' lang='lat' dir='ltr'><em>p.</em></span> <span class='ocrx_word' id='word_1_175' title='bbox 2900 1789 2934 1835; x_wconf 84' lang='lat'><em>,·</em></span> <span class='ocrx_word' id='word_1_176' title='bbox 2968 1770 3045 1824; x_wconf 89' lang='lat' dir='ltr'><strong>mi</strong></span> <span class='ocrx_word' id='word_1_177' title='bbox 3082 1787 3120 1822; x_wconf 88' lang='lat' dir='ltr'><em>a</em></span> <span class='ocrx_word' id='word_1_178' title='bbox 3156 1788 3229 1825; x_wconf 86' lang='lat' dir='ltr'><em>m.</em></span> <span class='ocrx_word' id='word_1_179' title='bbox 3241 1774 3307 1842; x_wconf 88' lang='lat' dir='ltr'><em>p.</em></span> <span class='ocrx_word' id='word_1_180' title='bbox 3342 1772 3634 1842; x_wconf 65' lang='lat' dir='ltr'><em>smptum,</em></span> 
     </span>
     <span class='ocr_line' id='line_1_16' title="bbox 1050 1852 3635 1925; baseline 0.002 -19"><span class='ocrx_word' id='word_1_181' title='bbox 1050 1856 1238 1924; x_wconf 87' lang='lat' dir='ltr'><em>paene</em></span> <span class='ocrx_word' id='word_1_182' title='bbox 1259 1855 1514 1922; x_wconf 82' lang='lat' dir='ltr'><em>euanuit,</em></span> <span class='ocrx_word' id='word_1_183' title='bbox 1538 1855 1697 1924; x_wconf 84' lang='lat' dir='ltr'><em>quod</em></span> <span class='ocrx_word' id='word_1_184' title='bbox 1713 1861 1917 1910; x_wconf 82' lang='lat' dir='ltr'><em>notans</em></span> <span class='ocrx_word' id='word_1_185' title='bbox 1939 1860 2221 1911; x_wconf 80' lang='lat' dir='ltr'><em>corrector</em></span> <span class='ocrx_word' id='word_1_186' title='bbox 2228 1856 2519 1925; x_wconf 78' lang='lat' dir='ltr'><em>posterior</em></span> <span class='ocrx_word' id='word_1_187' title='bbox 2540 1854 2765 1909; x_wconf 62' lang='lat' dir='ltr'><em>addth&#39;it</em></span> <span class='ocrx_word' id='word_1_188' title='bbox 2784 1852 2861 1907; x_wconf 90' lang='lat' dir='ltr'><strong>mi</strong></span> <span class='ocrx_word' id='word_1_189' title='bbox 2880 1854 3071 1909; x_wconf 82' lang='lat' dir='ltr'><em>subter</em></span> <span class='ocrx_word' id='word_1_190' title='bbox 3084 1853 3294 1909; x_wconf 83' lang='lat' dir='ltr'><em>lineam</em></span> <span class='ocrx_word' id='word_1_191' title='bbox 3311 1860 3446 1909; x_wconf 81' lang='lat' dir='ltr'><em>ante</em></span> <span class='ocrx_word' id='word_1_192' title='bbox 3460 1866 3635 1913; x_wconf 73' lang='lat' dir='ltr'><em>enteS.</em></span> 
     </span>
    </p>
   </div>
   <div class='ocr_carea' id='block_1_10' title="bbox 921 1952 2915 2109">
    <p class='ocr_par' dir='ltr' id='par_1_10' title="bbox 921 1952 2915 2109">
     <span class='ocr_line' id='line_1_17' title="bbox 921 1952 2915 2026; baseline 0.001 -19"><span class='ocrx_word' id='word_1_193' title='bbox 921 1953 968 2007; x_wconf 90' lang='lat' dir='ltr'><strong>F</strong></span> <span class='ocrx_word' id='word_1_194' title='bbox 972 1952 1045 2007; x_wconf 90' lang='lat' dir='ltr'><em>ol.</em></span> <span class='ocrx_word' id='word_1_195' title='bbox 1072 1952 1142 2006; x_wconf 91' lang='grc'><em>72</em></span> <span class='ocrx_word' id='word_1_196' title='bbox 1155 1952 1210 2007; x_wconf 92' lang='lat' dir='ltr'><strong>b.</strong></span> <span class='ocrx_word' id='word_1_197' title='bbox 1255 1966 1343 2019; x_wconf 89' lang='lat'><strong>41.</strong></span> <span class='ocrx_word' id='word_1_198' title='bbox 1380 1969 1458 2007; x_wconf 87' lang='lat' dir='ltr'><em>nn</em></span> <span class='ocrx_word' id='word_1_199' title='bbox 1482 1970 1558 2007; x_wconf 87' lang='lat' dir='ltr'><em>m.</em></span> <span class='ocrx_word' id='word_1_200' title='bbox 1563 1958 1646 2025; x_wconf 90' lang='lat' dir='ltr'><em>p.,</em></span> <span class='ocrx_word' id='word_1_201' title='bbox 1674 1972 1709 2009; x_wconf 93' lang='grc' dir='ltr'>ο</span> <span class='ocrx_word' id='word_1_202' title='bbox 1732 1958 2004 2026; x_wconf 82' lang='lat' dir='ltr'><em>superscr.</em></span> <span class='ocrx_word' id='word_1_203' title='bbox 2024 1972 2168 2010; x_wconf 87' lang='lat' dir='ltr'><em>corr.</em></span> <span class='ocrx_word' id='word_1_204' title='bbox 2195 1972 2269 2009; x_wconf 91' lang='lat' dir='ltr'><em>m.</em></span> <span class='ocrx_word' id='word_1_205' title='bbox 2277 1958 2343 2026; x_wconf 87' lang='lat' dir='ltr'><em>p.</em></span> <span class='ocrx_word' id='word_1_206' title='bbox 2368 1954 2639 2009; x_wconf 80' lang='lat' dir='ltr'><em>similiter</em></span> <span class='ocrx_word' id='word_1_207' title='bbox 2658 1956 2722 2010; x_wconf 81' lang='lat' dir='ltr'><em>in</em></span> <span class='ocrx_word' id='word_1_208' title='bbox 2746 1971 2804 2009; x_wconf 86' lang='lat' dir='ltr'><strong>v.</strong></span> <span class='ocrx_word' id='word_1_209' title='bbox 2829 1967 2915 2020; x_wconf 88' lang='grc'><strong>42.</strong></span> 
     </span>
     <span class='ocr_line' id='line_1_18' title="bbox 1062 2036 2297 2109; baseline 0.003 -20"><span class='ocrx_word' id='word_1_210' title='bbox 1062 2048 1150 2102; x_wconf 86' lang='grc'><em>47.</em></span> <span class='ocrx_word' id='word_1_211' title='bbox 1187 2036 1417 2106; x_wconf 87' lang='lat' dir='ltr'><strong>loqunte</strong></span> <span class='ocrx_word' id='word_1_212' title='bbox 1440 2053 1514 2090; x_wconf 85' lang='lat' dir='ltr'><em>m.</em></span> <span class='ocrx_word' id='word_1_213' title='bbox 1520 2040 1604 2108; x_wconf 92' lang='grc' dir='ltr'><em>μ,</em></span> <span class='ocrx_word' id='word_1_214' title='bbox 1629 2055 1662 2092; x_wconf 89' lang='lat' dir='ltr'><strong>e</strong></span> <span class='ocrx_word' id='word_1_215' title='bbox 1685 2040 1958 2107; x_wconf 83' lang='lat' dir='ltr'><em>superscr.</em></span> <span class='ocrx_word' id='word_1_216' title='bbox 1983 2054 2127 2094; x_wconf 85' lang='lat' dir='ltr'><em>corr.</em></span> <span class='ocrx_word' id='word_1_217' title='bbox 2152 2056 2227 2093; x_wconf 92' lang='lat' dir='ltr'><em>m.</em></span> <span class='ocrx_word' id='word_1_218' title='bbox 2230 2042 2297 2109; x_wconf 92' lang='lat' dir='ltr'><em>p.</em></span> 
     </span>
    </p>
   </div>
   <div class='ocr_carea' id='block_1_11' title="bbox 925 2134 3639 2457">
    <p class='ocr_par' dir='ltr' id='par_1_11' title="bbox 925 2134 3639 2457">
     <span class='ocr_line' id='line_1_19' title="bbox 925 2134 3639 2209; baseline 0.002 -21"><span class='ocrx_word' id='word_1_219' title='bbox 925 2135 1045 2190; x_wconf 92' lang='lat' dir='ltr'><strong>Fol.</strong></span> <span class='ocrx_word' id='word_1_220' title='bbox 1072 2134 1141 2187; x_wconf 93' lang='grc'><em>73</em></span> <span class='ocrx_word' id='word_1_221' title='bbox 1160 2135 1216 2189; x_wconf 90' lang='lat' dir='ltr'><strong>b.</strong></span> <span class='ocrx_word' id='word_1_222' title='bbox 1269 2148 1352 2205; x_wconf 86' lang='grc'><em>54.</em></span> <span class='ocrx_word' id='word_1_223' title='bbox 1390 2136 1637 2207; x_wconf 89' lang='lat' dir='ltr'><strong>quomdo</strong></span> <span class='ocrx_word' id='word_1_224' title='bbox 1674 2154 1747 2191; x_wconf 91' lang='lat' dir='ltr'><em>m.</em></span> <span class='ocrx_word' id='word_1_225' title='bbox 1759 2141 1844 2209; x_wconf 85' lang='lat' dir='ltr'><em>p.,</em></span> <span class='ocrx_word' id='word_1_226' title='bbox 1887 2155 1922 2193; x_wconf 92' lang='lat' dir='ltr'><strong>o</strong></span> <span class='ocrx_word' id='word_1_227' title='bbox 1965 2142 2242 2209; x_wconf 86' lang='lat' dir='ltr'><em>superscr.</em></span> <span class='ocrx_word' id='word_1_228' title='bbox 2279 2154 2422 2193; x_wconf 87' lang='lat' dir='ltr'><em>corr.</em></span> <span class='ocrx_word' id='word_1_229' title='bbox 2459 2154 2533 2192; x_wconf 91' lang='lat' dir='ltr'><em>m.</em></span> <span class='ocrx_word' id='word_1_230' title='bbox 2541 2140 2607 2208; x_wconf 86' lang='lat' dir='ltr'><em>p.</em></span> <span class='ocrx_word' id='word_1_231' title='bbox 2684 2149 2767 2207; x_wconf 87' lang='grc'><em>55.</em></span> <span class='ocrx_word' id='word_1_232' title='bbox 2807 2138 2874 2191; x_wconf 88' lang='grc'><em>111</em></span> <span class='ocrx_word' id='word_1_233' title='bbox 2907 2134 3034 2191; x_wconf 87' lang='lat' dir='ltr'><strong>illa:</strong></span> <span class='ocrx_word' id='word_1_234' title='bbox 3070 2137 3127 2191; x_wconf 84' lang='lat' dir='ltr'><em>ni</em></span> <span class='ocrx_word' id='word_1_235' title='bbox 3163 2138 3229 2191; x_wconf 82' lang='lat' dir='ltr'><em>in</em></span> <span class='ocrx_word' id='word_1_236' title='bbox 3263 2154 3379 2193; x_wconf 84' lang='lat' dir='ltr'><em>ras.</em></span> <span class='ocrx_word' id='word_1_237' title='bbox 3414 2155 3521 2194; x_wconf 89' lang='lat' dir='ltr'><em>scr.</em></span> <span class='ocrx_word' id='word_1_238' title='bbox 3554 2144 3639 2193; x_wconf 81' lang='lat' dir='ltr'><em>est</em></span> 
     </span>
     <span class='ocr_line' id='line_1_20' title="bbox 1063 2216 3635 2293; baseline 0 -20"><span class='ocrx_word' id='word_1_239' title='bbox 1063 2216 1292 2273; x_wconf 82' lang='lat' dir='ltr'><em>Forsan</em></span> <span class='ocrx_word' id='word_1_240' title='bbox 1330 2218 1435 2273; x_wconf 82' lang='lat' dir='ltr'><strong>Illa</strong></span> <span class='ocrx_word' id='word_1_241' title='bbox 1469 2220 1707 2275; x_wconf 64' lang='lat' dir='ltr'><em>scribere</em></span> <span class='ocrx_word' id='word_1_242' title='bbox 1739 2222 2026 2292; x_wconf 75' lang='lat' dir='ltr'><em>inceperat</em></span> <span class='ocrx_word' id='word_1_243' title='bbox 2059 2239 2134 2276; x_wconf 87' lang='lat' dir='ltr'><em>m.</em></span> <span class='ocrx_word' id='word_1_244' title='bbox 2138 2225 2223 2293; x_wconf 87' lang='lat' dir='ltr'><em>p.,</em></span> <span class='ocrx_word' id='word_1_245' title='bbox 2248 2220 2407 2291; x_wconf 84' lang='lat' dir='ltr'><em>quod</em></span> <span class='ocrx_word' id='word_1_246' title='bbox 2433 2222 2499 2275; x_wconf 83' lang='lat' dir='ltr'><em>in</em></span> <span class='ocrx_word' id='word_1_247' title='bbox 2551 2221 2619 2275; x_wconf 90' lang='lat' dir='ltr'><em>In</em></span> <span class='ocrx_word' id='word_1_248' title='bbox 2655 2218 2751 2275; x_wconf 81' lang='lat' dir='ltr'><strong>illa</strong></span> <span class='ocrx_word' id='word_1_249' title='bbox 2784 2220 3039 2274; x_wconf 79' lang='lat' dir='ltr'><em>mutauit</em></span> <span class='ocrx_word' id='word_1_250' title='bbox 3070 2220 3189 2290; x_wconf 72' lang='lat' dir='ltr'><em>epse</em></span> <span class='ocrx_word' id='word_1_251' title='bbox 3210 2220 3407 2276; x_wconf 84' lang='lat' dir='ltr'><em>scriba.</em></span> <span class='ocrx_word' id='word_1_252' title='bbox 3479 2237 3635 2275; x_wconf 89' lang='lat' dir='ltr'><strong>com-</strong></span> 
     </span>
     <span class='ocr_line' id='line_1_21' title="bbox 1063 2301 3636 2375; baseline 0.002 -20"><span class='ocrx_word' id='word_1_253' title='bbox 1063 2301 1379 2371; x_wconf 87' lang='lat' dir='ltr'><strong>prehndere</strong></span> <span class='ocrx_word' id='word_1_254' title='bbox 1405 2341 1419 2357; x_wconf 91' lang='lat'><strong>.</strong></span> <span class='ocrx_word' id='word_1_255' title='bbox 1446 2341 1500 2357; x_wconf 91' lang='lat'><em>..</em></span> <span class='ocrx_word' id='word_1_256' title='bbox 1527 2303 1708 2359; x_wconf 87' lang='lat' dir='ltr'><strong>docen</strong></span> <span class='ocrx_word' id='word_1_257' title='bbox 1734 2344 1747 2358; x_wconf 94' lang='lat'><strong>.</strong></span> <span class='ocrx_word' id='word_1_258' title='bbox 1773 2344 1788 2359; x_wconf 95' lang='lat'><strong>.</strong></span> <span class='ocrx_word' id='word_1_259' title='bbox 1815 2321 1936 2359; x_wconf 88' lang='lat' dir='ltr'><em>.nn</em></span> <span class='ocrx_word' id='word_1_260' title='bbox 1972 2308 2138 2375; x_wconf 89' lang='grc' dir='ltr'><strong><em>ηιμ,</em></strong></span> <span class='ocrx_word' id='word_1_261' title='bbox 2165 2321 2199 2359; x_wconf 88' lang='lat' dir='ltr'><strong>e</strong></span> <span class='ocrx_word' id='word_1_262' title='bbox 2226 2344 2239 2359; x_wconf 96' lang='lat'><strong>.</strong></span> <span class='ocrx_word' id='word_1_263' title='bbox 2268 2344 2281 2358; x_wconf 94' lang='lat'><strong>.</strong></span> <span class='ocrx_word' id='word_1_264' title='bbox 2310 2344 2323 2359; x_wconf 96' lang='lat'><strong>.</strong></span> <span class='ocrx_word' id='word_1_265' title='bbox 2350 2323 2375 2359; x_wconf 90' lang='lat' dir='ltr'><em>s</em></span> <span class='ocrx_word' id='word_1_266' title='bbox 2404 2344 2417 2357; x_wconf 97' lang='lat'><strong>.</strong></span> <span class='ocrx_word' id='word_1_267' title='bbox 2444 2344 2457 2357; x_wconf 95' lang='lat'><strong>.</strong></span> <span class='ocrx_word' id='word_1_268' title='bbox 2487 2344 2500 2358; x_wconf 92' lang='lat'><strong>.</strong></span> <span class='ocrx_word' id='word_1_269' title='bbox 2527 2320 2563 2358; x_wconf 91' lang='lat' dir='ltr'>o</span> <span class='ocrx_word' id='word_1_270' title='bbox 2598 2307 2872 2374; x_wconf 85' lang='lat' dir='ltr'><em>superscr.</em></span> <span class='ocrx_word' id='word_1_271' title='bbox 2896 2320 3041 2359; x_wconf 87' lang='lat' dir='ltr'><em>corr.</em></span> <span class='ocrx_word' id='word_1_272' title='bbox 3067 2307 3213 2375; x_wconf 86' lang='lat' dir='ltr'><strong>m.p.</strong></span> <span class='ocrx_word' id='word_1_273' title='bbox 3288 2305 3372 2369; x_wconf 84' lang='lat'><strong>58.</strong></span> <span class='ocrx_word' id='word_1_274' title='bbox 3407 2305 3575 2359; x_wconf 79' lang='lat' dir='ltr'><em>Inter</em></span> <span class='ocrx_word' id='word_1_275' title='bbox 3604 2320 3636 2359; x_wconf 93' lang='lat' dir='ltr'>c</span> 
     </span>
     <span class='ocr_line' id='line_1_22' title="bbox 1061 2385 3637 2457; baseline 0.001 -19"><span class='ocrx_word' id='word_1_276' title='bbox 1061 2390 1120 2438; x_wconf 83' lang='lat' dir='ltr'><em>et</em></span> <span class='ocrx_word' id='word_1_277' title='bbox 1149 2401 1230 2439; x_wconf 88' lang='grc'><strong>11·-</strong></span> <span class='ocrx_word' id='word_1_278' title='bbox 1265 2386 1332 2439; x_wconf 81' lang='lat' dir='ltr'><em>in</em></span> <span class='ocrx_word' id='word_1_279' title='bbox 1369 2402 1482 2440; x_wconf 82' lang='lat' dir='ltr'><em>cu·</em></span> <span class='ocrx_word' id='word_1_280' title='bbox 1507 2393 1592 2440; x_wconf 81' lang='lat' dir='ltr'><em>est</em></span> <span class='ocrx_word' id='word_1_281' title='bbox 1618 2389 1870 2457; x_wconf 81' lang='lat' dir='ltr'><em>spatium</em></span> <span class='ocrx_word' id='word_1_282' title='bbox 1907 2390 2080 2456; x_wconf 79' lang='lat' dir='ltr'><em>quasi</em></span> <span class='ocrx_word' id='word_1_283' title='bbox 2111 2388 2291 2443; x_wconf 78' lang='lat' dir='ltr'><em>unius</em></span> <span class='ocrx_word' id='word_1_284' title='bbox 2324 2387 2593 2452; x_wconf 81' lang='lat' dir='ltr'><em>litterae,·</em></span> <span class='ocrx_word' id='word_1_285' title='bbox 2628 2386 2953 2441; x_wconf 83' lang='lat' dir='ltr'><em>membrana</em></span> <span class='ocrx_word' id='word_1_286' title='bbox 2982 2402 3118 2441; x_wconf 84' lang='lat' dir='ltr'><em>uero</em></span> <span class='ocrx_word' id='word_1_287' title='bbox 3143 2385 3393 2441; x_wconf 81' lang='lat' dir='ltr'><em>lacerata</em></span> <span class='ocrx_word' id='word_1_288' title='bbox 3426 2394 3524 2454; x_wconf 83' lang='lat' dir='ltr'><em>est,</em></span> <span class='ocrx_word' id='word_1_289' title='bbox 3550 2387 3637 2441; x_wconf 79' lang='lat' dir='ltr'><em>ita</em></span> 
     </span>
    </p>
   </div>
   <div class='ocr_carea' id='block_1_12' title="bbox 1063 2468 3640 2608">
    <p class='ocr_par' dir='ltr' id='par_1_12' title="bbox 1063 2468 3640 2608">
     <span class='ocr_line' id='line_1_23' title="bbox 1063 2468 3640 2543; baseline 0 -21"><span class='ocrx_word' id='word_1_290' title='bbox 1063 2473 1135 2522; x_wconf 84' lang='lat' dir='ltr'><em>ut</em></span> <span class='ocrx_word' id='word_1_291' title='bbox 1162 2468 1376 2538; x_wconf 84' lang='lat' dir='ltr'><em>forsan</em></span> <span class='ocrx_word' id='word_1_292' title='bbox 1425 2470 1494 2524; x_wconf 80' lang='lat' dir='ltr'><em>ui</em></span> <span class='ocrx_word' id='word_1_293' title='bbox 1527 2469 1765 2526; x_wconf 79' lang='lat' dir='ltr'><em>diuulsa</em></span> <span class='ocrx_word' id='word_1_294' title='bbox 1811 2472 2044 2543; x_wconf 52' lang='lat' dir='ltr'><em>spectem</em></span> <span class='ocrx_word' id='word_1_295' title='bbox 2094 2471 2313 2527; x_wconf 69' lang='lat' dir='ltr'><em>dederit</em></span> <span class='ocrx_word' id='word_1_296' title='bbox 2356 2475 2427 2524; x_wconf 82' lang='lat' dir='ltr'><em>ut</em></span> <span class='ocrx_word' id='word_1_297' title='bbox 2470 2470 2530 2526; x_wconf 74' lang='lat' dir='ltr'><em>si</em></span> <span class='ocrx_word' id='word_1_298' title='bbox 2572 2468 2768 2526; x_wconf 82' lang='lat' dir='ltr'><em>littera</em></span> <span class='ocrx_word' id='word_1_299' title='bbox 2814 2469 2953 2524; x_wconf 82' lang='lat' dir='ltr'><em>olim</em></span> <span class='ocrx_word' id='word_1_300' title='bbox 3000 2471 3065 2523; x_wconf 83' lang='lat' dir='ltr'><em>in</em></span> <span class='ocrx_word' id='word_1_301' title='bbox 3112 2470 3231 2526; x_wconf 86' lang='lat' dir='ltr'><em>loco</em></span> <span class='ocrx_word' id='word_1_302' title='bbox 3277 2470 3640 2526; x_wconf 81' lang='lat' dir='ltr'><em>lacerationis</em></span> 
     </span>
     <span class='ocr_line' id='line_1_24' title="bbox 1063 2553 1385 2608; baseline 0 -2"><span class='ocrx_word' id='word_1_303' title='bbox 1063 2553 1385 2608; x_wconf 66' lang='lat' dir='ltr'><em>exsu&#39;ttlsset.</em></span> 
     </span>
    </p>
   </div>
   <div class='ocr_carea' id='block_1_13' title="bbox 924 2651 3636 2725">
    <p class='ocr_par' dir='ltr' id='par_1_13' title="bbox 924 2651 3636 2725">
     <span class='ocr_line' id='line_1_25' title="bbox 924 2651 3636 2725; baseline -0.001 -18"><span class='ocrx_word' id='word_1_304' title='bbox 924 2654 971 2707; x_wconf 90' lang='lat' dir='ltr'>F</span> <span class='ocrx_word' id='word_1_305' title='bbox 974 2652 1046 2707; x_wconf 90' lang='lat'><strong>01.</strong></span> <span class='ocrx_word' id='word_1_306' title='bbox 1073 2652 1142 2706; x_wconf 82' lang='lat'><em>⁷4</em></span> <span class='ocrx_word' id='word_1_307' title='bbox 1162 2652 1218 2706; x_wconf 90' lang='lat' dir='ltr'><strong>b.</strong></span> <span class='ocrx_word' id='word_1_308' title='bbox 1265 2653 1354 2709; x_wconf 88' lang='lat'><em>66.</em></span> <span class='ocrx_word' id='word_1_309' title='bbox 1391 2653 1534 2708; x_wconf 89' lang='lat' dir='ltr'><em>uobs</em></span> <span class='ocrx_word' id='word_1_310' title='bbox 1571 2657 1739 2724; x_wconf 88' lang='grc' dir='ltr'><strong><em>ηιμ,</em></strong></span> <span class='ocrx_word' id='word_1_311' title='bbox 1777 2653 1794 2709; x_wconf 90' lang='lat' dir='ltr'><strong>i</strong></span> <span class='ocrx_word' id='word_1_312' title='bbox 1829 2657 2105 2724; x_wconf 74' lang='lat' dir='ltr'><em>super-scr.</em></span> <span class='ocrx_word' id='word_1_313' title='bbox 2141 2671 2287 2710; x_wconf 86' lang='lat' dir='ltr'><em>corr.</em></span> <span class='ocrx_word' id='word_1_314' title='bbox 2323 2670 2397 2707; x_wconf 92' lang='lat' dir='ltr'><em>m.</em></span> <span class='ocrx_word' id='word_1_315' title='bbox 2410 2657 2475 2725; x_wconf 86' lang='lat' dir='ltr'><em>p.</em></span> <span class='ocrx_word' id='word_1_316' title='bbox 2548 2655 2635 2720; x_wconf 92' lang='grc'><strong>67.</strong></span> <span class='ocrx_word' id='word_1_317' title='bbox 2674 2651 2886 2723; x_wconf 85' lang='lat' dir='ltr'><em>colapis</em></span> <span class='ocrx_word' id='word_1_318' title='bbox 2920 2655 3083 2723; x_wconf 85' lang='grc' dir='ltr'><strong><em>ηιμ,</em></strong></span> <span class='ocrx_word' id='word_1_319' title='bbox 3114 2651 3154 2706; x_wconf 86' lang='lat' dir='ltr'>h</span> <span class='ocrx_word' id='word_1_320' title='bbox 3186 2655 3461 2724; x_wconf 83' lang='lat' dir='ltr'><em>superscr.</em></span> <span class='ocrx_word' id='word_1_321' title='bbox 3492 2669 3636 2706; x_wconf 91' lang='lat' dir='ltr'><em>corr.</em></span> 
     </span>
    </p>
   </div>
   <div class='ocr_carea' id='block_1_14' title="bbox 1063 2735 3641 2889">
    <p class='ocr_par' dir='ltr' id='par_1_14' title="bbox 1063 2735 3641 2889">
     <span class='ocr_line' id='line_1_26' title="bbox 1065 2735 3641 2808; baseline 0 -20"><span class='ocrx_word' id='word_1_322' title='bbox 1065 2751 1138 2788; x_wconf 92' lang='lat' dir='ltr'><em>m.</em></span> <span class='ocrx_word' id='word_1_323' title='bbox 1146 2739 1214 2807; x_wconf 87' lang='lat' dir='ltr'><em>p.</em></span> <span class='ocrx_word' id='word_1_324' title='bbox 1286 2747 1373 2803; x_wconf 89' lang='lat'><strong>70.</strong></span> <span class='ocrx_word' id='word_1_325' title='bbox 1411 2735 1552 2792; x_wconf 82' lang='lat' dir='ltr'><strong>dicis</strong></span> <span class='ocrx_word' id='word_1_326' title='bbox 1576 2739 1641 2790; x_wconf 77' lang='lat' dir='ltr'><em>in</em></span> <span class='ocrx_word' id='word_1_327' title='bbox 1665 2753 1778 2792; x_wconf 87' lang='lat' dir='ltr'><em>ras.</em></span> <span class='ocrx_word' id='word_1_328' title='bbox 1806 2737 1965 2793; x_wconf 85' lang='lat' dir='ltr'><strong>dicas</strong></span> <span class='ocrx_word' id='word_1_329' title='bbox 1989 2754 2096 2794; x_wconf 88' lang='lat' dir='ltr'><em>scr.</em></span> <span class='ocrx_word' id='word_1_330' title='bbox 2119 2742 2205 2791; x_wconf 84' lang='lat' dir='ltr'><em>est</em></span> <span class='ocrx_word' id='word_1_331' title='bbox 2226 2755 2265 2791; x_wconf 90' lang='lat' dir='ltr'><em>a</em></span> <span class='ocrx_word' id='word_1_332' title='bbox 2290 2739 2436 2808; x_wconf 88' lang='grc' dir='ltr'><em>ηιμ</em></span> <span class='ocrx_word' id='word_1_333' title='bbox 2511 2750 2596 2804; x_wconf 88' lang='grc'><em>71.</em></span> <span class='ocrx_word' id='word_1_334' title='bbox 2634 2753 2663 2790; x_wconf 89' lang='lat' dir='ltr'>r</span> <span class='ocrx_word' id='word_1_335' title='bbox 2685 2737 2749 2790; x_wconf 75' lang='lat' dir='ltr'><em>in</em></span> <span class='ocrx_word' id='word_1_336' title='bbox 2774 2752 3055 2791; x_wconf 68' lang='lat' dir='ltr'><em>nazoreno</em></span> <span class='ocrx_word' id='word_1_337' title='bbox 3088 2736 3155 2791; x_wconf 82' lang='lat' dir='ltr'><em>in</em></span> <span class='ocrx_word' id='word_1_338' title='bbox 3178 2751 3293 2792; x_wconf 87' lang='lat' dir='ltr'><em>ras.</em></span> <span class='ocrx_word' id='word_1_339' title='bbox 3318 2737 3533 2808; x_wconf 78' lang='lat' dir='ltr'><em>scripta</em></span> <span class='ocrx_word' id='word_1_340' title='bbox 3554 2743 3641 2788; x_wconf 84' lang='lat' dir='ltr'><em>est</em></span> 
     </span>
     <span class='ocr_line' id='line_1_27' title="bbox 1063 2820 1276 2889; baseline 0.005 -18"><span class='ocrx_word' id='word_1_341' title='bbox 1063 2835 1103 2871; x_wconf 88' lang='lat' dir='ltr'><em>a</em></span> <span class='ocrx_word' id='word_1_342' title='bbox 1127 2835 1201 2872; x_wconf 90' lang='lat' dir='ltr'><em>m.</em></span> <span class='ocrx_word' id='word_1_343' title='bbox 1209 2820 1276 2889; x_wconf 93' lang='lat' dir='ltr'><em>p.</em></span> 
     </span>
    </p>
   </div>
   <div class='ocr_carea' id='block_1_15' title="bbox 925 2917 3637 3073">
    <p class='ocr_par' dir='ltr' id='par_1_15' title="bbox 925 2917 3637 3073">
     <span class='ocr_line' id='line_1_28' title="bbox 925 2917 3637 2990; baseline -0 -16"><span class='ocrx_word' id='word_1_344' title='bbox 925 2919 973 2974; x_wconf 86' lang='lat' dir='ltr'>F</span> <span class='ocrx_word' id='word_1_345' title='bbox 975 2919 1049 2974; x_wconf 91' lang='lat' dir='ltr'><em>ol.</em></span> <span class='ocrx_word' id='word_1_346' title='bbox 1075 2917 1162 2974; x_wconf 88' lang='grc'><em>75.</em></span> <span class='ocrx_word' id='word_1_347' title='bbox 1212 2929 1300 2988; x_wconf 83' lang='grc'><em>73.</em></span> <span class='ocrx_word' id='word_1_348' title='bbox 1337 2917 1442 2973; x_wconf 86' lang='lat' dir='ltr'><strong>illis</strong></span> <span class='ocrx_word' id='word_1_349' title='bbox 1477 2935 1538 2974; x_wconf 89' lang='lat' dir='ltr'><em>es</em></span> <span class='ocrx_word' id='word_1_350' title='bbox 1577 2928 1672 2973; x_wconf 87' lang='lat' dir='ltr'><em>tu:</em></span> <span class='ocrx_word' id='word_1_351' title='bbox 1707 2921 2015 2990; x_wconf 76' lang='lat' dir='ltr'><em>scripserat</em></span> <span class='ocrx_word' id='word_1_352' title='bbox 2047 2935 2122 2975; x_wconf 88' lang='grc' dir='ltr'><em>ηι</em></span> <span class='ocrx_word' id='word_1_353' title='bbox 2135 2923 2203 2990; x_wconf 91' lang='grc' dir='ltr'><strong><em>μ</em></strong></span> <span class='ocrx_word' id='word_1_354' title='bbox 2240 2919 2384 2988; x_wconf 79' lang='lat' dir='ltr'><strong>ilest,</strong></span> <span class='ocrx_word' id='word_1_355' title='bbox 2427 2919 2586 2990; x_wconf 74' lang='lat' dir='ltr'><em>quod</em></span> <span class='ocrx_word' id='word_1_356' title='bbox 2608 2921 2859 2975; x_wconf 70' lang='lat' dir='ltr'><em>comxit</em></span> <span class='ocrx_word' id='word_1_357' title='bbox 2886 2933 3030 2975; x_wconf 83' lang='lat' dir='ltr'><em>corr.</em></span> <span class='ocrx_word' id='word_1_358' title='bbox 3052 2923 3218 2990; x_wconf 87' lang='grc' dir='ltr'><strong><em>ηιμ,</em></strong></span> <span class='ocrx_word' id='word_1_359' title='bbox 3250 2919 3270 2974; x_wconf 89' lang='grc'><em>1</em></span> <span class='ocrx_word' id='word_1_360' title='bbox 3299 2919 3637 2990; x_wconf 57' lang='lat' dir='ltr'><em>supa-scrib-</em></span> 
     </span>
     <span class='ocr_line' id='line_1_29' title="bbox 1063 3001 3431 3073; baseline 0.001 -18"><span class='ocrx_word' id='word_1_361' title='bbox 1063 3001 1221 3071; x_wconf 74' lang='lat' dir='ltr'><em>enda,</em></span> <span class='ocrx_word' id='word_1_362' title='bbox 1246 3001 1264 3056; x_wconf 92' lang='lat' dir='ltr'><strong>i</strong></span> <span class='ocrx_word' id='word_1_363' title='bbox 1288 3004 1353 3058; x_wconf 85' lang='lat' dir='ltr'><em>in</em></span> <span class='ocrx_word' id='word_1_364' title='bbox 1377 3018 1492 3057; x_wconf 88' lang='lat' dir='ltr'><em>ras.</em></span> <span class='ocrx_word' id='word_1_365' title='bbox 1514 3019 1548 3058; x_wconf 89' lang='lat' dir='ltr'><strong>e</strong></span> <span class='ocrx_word' id='word_1_366' title='bbox 1572 3002 1868 3072; x_wconf 79' lang='lat' dir='ltr'><em>sm&#39;bendO,</em></span> <span class='ocrx_word' id='word_1_367' title='bbox 1895 3010 2064 3073; x_wconf 82' lang='lat' dir='ltr'><em>atque</em></span> <span class='ocrx_word' id='word_1_368' title='bbox 2087 3013 2110 3058; x_wconf 91' lang='lat' dir='ltr'><strong>t</strong></span> <span class='ocrx_word' id='word_1_369' title='bbox 2133 3005 2199 3057; x_wconf 82' lang='lat' dir='ltr'><em>in</em></span> <span class='ocrx_word' id='word_1_370' title='bbox 2224 3021 2257 3058; x_wconf 89' lang='lat' dir='ltr'><strong>e</strong></span> <span class='ocrx_word' id='word_1_371' title='bbox 2281 3001 2571 3058; x_wconf 74' lang='lat' dir='ltr'><em>mutando.</em></span> <span class='ocrx_word' id='word_1_372' title='bbox 3424 3003 3431 3006; x_wconf 79' lang='grc'><strong>’</strong></span> 
     </span>
    </p>
   </div>
   <div class='ocr_carea' id='block_1_16' title="bbox 926 3085 3635 3341">
    <p class='ocr_par' dir='ltr' id='par_1_16' title="bbox 926 3085 3635 3341">
     <span class='ocr_line' id='line_1_30' title="bbox 1067 3085 3635 3159; baseline 0 -20"><span class='ocrx_word' id='word_1_373' title='bbox 1067 3096 1154 3154; x_wconf 89' lang='grc'><em>75.</em></span> <span class='ocrx_word' id='word_1_374' title='bbox 1191 3086 1309 3156; x_wconf 87' lang='lat' dir='ltr'><em>qud</em></span> <span class='ocrx_word' id='word_1_375' title='bbox 1330 3103 1405 3140; x_wconf 88' lang='lat' dir='ltr'><em>m.</em></span> <span class='ocrx_word' id='word_1_376' title='bbox 1409 3089 1494 3156; x_wconf 88' lang='lat' dir='ltr'><em>p.,</em></span> <span class='ocrx_word' id='word_1_377' title='bbox 1530 3101 1566 3140; x_wconf 89' lang='lat' dir='ltr'>o</span> <span class='ocrx_word' id='word_1_378' title='bbox 1596 3089 1870 3157; x_wconf 70' lang='lat' dir='ltr'><em>super-scr.</em></span> <span class='ocrx_word' id='word_1_379' title='bbox 1907 3103 2050 3143; x_wconf 85' lang='lat' dir='ltr'><em>corr.</em></span> <span class='ocrx_word' id='word_1_380' title='bbox 2075 3090 2224 3159; x_wconf 88' lang='grc' dir='ltr'><em>ηιμ</em></span> <span class='ocrx_word' id='word_1_381' title='bbox 2300 3086 2387 3142; x_wconf 90' lang='grc'><em>27.</em></span> <span class='ocrx_word' id='word_1_382' title='bbox 2425 3100 2475 3141; x_wconf 90' lang='grc'><em>2.</em></span> <span class='ocrx_word' id='word_1_383' title='bbox 2512 3085 2893 3144; x_wconf 78' lang='lat' dir='ltr'><strong>etradiderunt</strong></span> <span class='ocrx_word' id='word_1_384' title='bbox 2930 3089 3097 3158; x_wconf 89' lang='grc' dir='ltr'><strong><em>ηιμ,</em></strong></span> <span class='ocrx_word' id='word_1_385' title='bbox 3132 3095 3156 3141; x_wconf 85' lang='lat' dir='ltr'><strong>t</strong></span> <span class='ocrx_word' id='word_1_386' title='bbox 3192 3089 3467 3157; x_wconf 77' lang='lat' dir='ltr'><em>superscr.</em></span> <span class='ocrx_word' id='word_1_387' title='bbox 3491 3101 3635 3140; x_wconf 78' lang='lat' dir='ltr'><em>corr.</em></span> 
     </span>
     <span class='ocr_line' id='line_1_31' title="bbox 1066 3185 1211 3222; baseline 0.007 -1"><span class='ocrx_word' id='word_1_388' title='bbox 1066 3185 1140 3221; x_wconf 80' lang='lat' dir='ltr'><em>m·</em></span> <span class='ocrx_word' id='word_1_389' title='bbox 1197 3207 1211 3222; x_wconf 82' lang='grc'><strong>.</strong></span> 
     </span>
     <span class='ocr_line' id='line_1_32' title="bbox 926 3171 2564 3341; baseline 0.002 -19"><span class='ocrx_word' id='word_1_390' title='bbox 926 3267 1049 3323; x_wconf 86' lang='lat' dir='ltr'><strong>Fol.</strong></span> <span class='ocrx_word' id='word_1_391' title='bbox 1077 3171 1221 3323; x_wconf 39' lang='lat'><strong>7552.</strong></span> <span class='ocrx_word' id='word_1_392' title='bbox 1257 3267 1290 3322; x_wconf 87' lang='lat'>8</span> <span class='ocrx_word' id='word_1_393' title='bbox 1327 3267 1664 3323; x_wconf 70' lang='lat' dir='ltr'><strong>inodiernu-</strong></span> <span class='ocrx_word' id='word_1_394' title='bbox 1697 3285 1772 3323; x_wconf 89' lang='lat' dir='ltr'><em>m.</em></span> <span class='ocrx_word' id='word_1_395' title='bbox 1776 3272 1860 3339; x_wconf 91' lang='lat' dir='ltr'><em>p.,</em></span> <span class='ocrx_word' id='word_1_396' title='bbox 1885 3270 1925 3323; x_wconf 89' lang='lat' dir='ltr'>h</span> <span class='ocrx_word' id='word_1_397' title='bbox 1950 3273 2227 3341; x_wconf 85' lang='lat' dir='ltr'><em>superscr.</em></span> <span class='ocrx_word' id='word_1_398' title='bbox 2251 3285 2395 3325; x_wconf 85' lang='lat' dir='ltr'><em>corr.</em></span> <span class='ocrx_word' id='word_1_399' title='bbox 2418 3273 2564 3340; x_wconf 89' lang='grc' dir='ltr'><em>ηιμ</em></span> 
     </span>
    </p>
   </div>
   <div class='ocr_carea' id='block_1_17' title="bbox 925 3367 3641 3524">
    <p class='ocr_par' dir='ltr' id='par_1_17' title="bbox 925 3367 3641 3524">
     <span class='ocr_line' id='line_1_33' title="bbox 925 3367 3641 3440; baseline -0.001 -17"><span class='ocrx_word' id='word_1_400' title='bbox 925 3367 1050 3423; x_wconf 90' lang='lat' dir='ltr'><strong>Fol.</strong></span> <span class='ocrx_word' id='word_1_401' title='bbox 1078 3367 1163 3422; x_wconf 92' lang='grc'><em>76.</em></span> <span class='ocrx_word' id='word_1_402' title='bbox 1219 3382 1300 3422; x_wconf 88' lang='grc'><em>12.</em></span> <span class='ocrx_word' id='word_1_403' title='bbox 1336 3367 1678 3437; x_wconf 83' lang='lat' dir='ltr'><em>respndebat</em></span> <span class='ocrx_word' id='word_1_404' title='bbox 1702 3386 1774 3422; x_wconf 91' lang='lat' dir='ltr'><em>m.</em></span> <span class='ocrx_word' id='word_1_405' title='bbox 1788 3372 1873 3439; x_wconf 90' lang='lat' dir='ltr'><em>p.,</em></span> <span class='ocrx_word' id='word_1_406' title='bbox 1913 3385 1948 3423; x_wconf 92' lang='lat' dir='ltr'>o</span> <span class='ocrx_word' id='word_1_407' title='bbox 1983 3372 2258 3439; x_wconf 83' lang='lat' dir='ltr'><em>superscr.</em></span> <span class='ocrx_word' id='word_1_408' title='bbox 2277 3386 2423 3425; x_wconf 84' lang='lat' dir='ltr'><em>corr.</em></span> <span class='ocrx_word' id='word_1_409' title='bbox 2448 3386 2522 3423; x_wconf 92' lang='lat' dir='ltr'><em>m.</em></span> <span class='ocrx_word' id='word_1_410' title='bbox 2525 3372 2593 3440; x_wconf 89' lang='lat' dir='ltr'><em>p.</em></span> <span class='ocrx_word' id='word_1_411' title='bbox 2672 3385 2752 3439; x_wconf 90' lang='lat'><strong>13.</strong></span> <span class='ocrx_word' id='word_1_412' title='bbox 2772 3386 2809 3425; x_wconf 90' lang='lat' dir='ltr'>o</span> <span class='ocrx_word' id='word_1_413' title='bbox 2831 3370 2896 3424; x_wconf 79' lang='lat' dir='ltr'><em>in</em></span> <span class='ocrx_word' id='word_1_414' title='bbox 2919 3367 3239 3426; x_wconf 84' lang='lat' dir='ltr'><strong>testimonia</strong></span> <span class='ocrx_word' id='word_1_415' title='bbox 3260 3367 3369 3423; x_wconf 78' lang='lat' dir='ltr'><em>exi</em></span> <span class='ocrx_word' id='word_1_416' title='bbox 3394 3368 3641 3423; x_wconf 72' lang='lat' dir='ltr'><em>corren&#39;t</em></span> 
     </span>
     <span class='ocr_line' id='line_1_34' title="bbox 1067 3450 2574 3524; baseline 0.001 -19"><span class='ocrx_word' id='word_1_417' title='bbox 1067 3455 1217 3522; x_wconf 88' lang='grc' dir='ltr'><em>ηιμ</em></span> <span class='ocrx_word' id='word_1_418' title='bbox 1295 3450 1377 3507; x_wconf 88' lang='grc'><em>16.</em></span> <span class='ocrx_word' id='word_1_419' title='bbox 1417 3451 1652 3506; x_wconf 82' lang='lat' dir='ltr'><em>Habant</em></span> <span class='ocrx_word' id='word_1_420' title='bbox 1675 3455 1840 3522; x_wconf 89' lang='grc' dir='ltr'><strong><em>ηιμ,</em></strong></span> <span class='ocrx_word' id='word_1_421' title='bbox 1864 3452 1937 3507; x_wconf 90' lang='lat' dir='ltr'><em>eb</em></span> <span class='ocrx_word' id='word_1_422' title='bbox 1960 3456 2233 3524; x_wconf 82' lang='lat' dir='ltr'><em>superscr.</em></span> <span class='ocrx_word' id='word_1_423' title='bbox 2257 3470 2402 3509; x_wconf 83' lang='lat' dir='ltr'><em>corr.</em></span> <span class='ocrx_word' id='word_1_424' title='bbox 2427 3470 2501 3508; x_wconf 91' lang='lat' dir='ltr'><em>m.</em></span> <span class='ocrx_word' id='word_1_425' title='bbox 2508 3455 2574 3524; x_wconf 93' lang='lat' dir='ltr'><em>p.</em></span> 
     </span>
    </p>
   </div>
   <div class='ocr_carea' id='block_1_18' title="bbox 927 3550 2389 3624">
    <p class='ocr_par' dir='ltr' id='par_1_18' title="bbox 927 3550 2389 3624">
     <span class='ocr_line' id='line_1_35' title="bbox 927 3550 2389 3624; baseline 0 -16"><span class='ocrx_word' id='word_1_426' title='bbox 927 3553 975 3608; x_wconf 86' lang='lat' dir='ltr'>F</span> <span class='ocrx_word' id='word_1_427' title='bbox 977 3552 1051 3607; x_wconf 90' lang='lat' dir='ltr'><em>ol.</em></span> <span class='ocrx_word' id='word_1_428' title='bbox 1077 3551 1146 3606; x_wconf 90' lang='grc'><strong>76</strong></span> <span class='ocrx_word' id='word_1_429' title='bbox 1164 3550 1220 3606; x_wconf 92' lang='lat' dir='ltr'><strong>b.</strong></span> <span class='ocrx_word' id='word_1_430' title='bbox 1275 3565 1357 3623; x_wconf 92' lang='lat'><strong>19.</strong></span> <span class='ocrx_word' id='word_1_431' title='bbox 1393 3550 1511 3606; x_wconf 88' lang='lat' dir='ltr'><em>nihl</em></span> <span class='ocrx_word' id='word_1_432' title='bbox 1535 3567 1610 3605; x_wconf 92' lang='lat' dir='ltr'><em>m.</em></span> <span class='ocrx_word' id='word_1_433' title='bbox 1618 3554 1704 3623; x_wconf 86' lang='lat' dir='ltr'><em>p.,</em></span> <span class='ocrx_word' id='word_1_434' title='bbox 1731 3551 1748 3608; x_wconf 90' lang='lat' dir='ltr'><strong>i</strong></span> <span class='ocrx_word' id='word_1_435' title='bbox 1771 3555 2048 3623; x_wconf 82' lang='lat' dir='ltr'><em>superscr.</em></span> <span class='ocrx_word' id='word_1_436' title='bbox 2071 3571 2215 3608; x_wconf 87' lang='lat' dir='ltr'><em>corr.</em></span> <span class='ocrx_word' id='word_1_437' title='bbox 2241 3571 2316 3608; x_wconf 91' lang='lat' dir='ltr'><em>m.</em></span> <span class='ocrx_word' id='word_1_438' title='bbox 2321 3556 2389 3624; x_wconf 91' lang='lat' dir='ltr'><em>p.</em></span> 
     </span>
    </p>
   </div>
   <div class='ocr_carea' id='block_1_19' title="bbox 927 3646 3635 3788">
    <p class='ocr_par' dir='ltr' id='par_1_19' title="bbox 927 3646 3635 3788">
     <span class='ocr_line' id='line_1_36' title="bbox 927 3646 3635 3721; baseline -0.002 -16"><span class='ocrx_word' id='word_1_439' title='bbox 927 3647 1049 3705; x_wconf 85' lang='lat' dir='ltr'><strong>Fol.</strong></span> <span class='ocrx_word' id='word_1_440' title='bbox 1078 3646 1164 3702; x_wconf 87' lang='grc'><em>77.</em></span> <span class='ocrx_word' id='word_1_441' title='bbox 1213 3658 1298 3714; x_wconf 90' lang='grc'><em>27.</em></span> <span class='ocrx_word' id='word_1_442' title='bbox 1335 3648 1498 3702; x_wconf 90' lang='lat' dir='ltr'><strong>Tunc</strong></span> <span class='ocrx_word' id='word_1_443' title='bbox 1535 3647 1740 3704; x_wconf 85' lang='lat' dir='ltr'><em>milites</em></span> <span class='ocrx_word' id='word_1_444' title='bbox 1777 3666 1875 3720; x_wconf 87' lang='lat' dir='ltr'><em>pre</em></span> <span class='ocrx_word' id='word_1_445' title='bbox 1898 3650 1965 3703; x_wconf 83' lang='lat' dir='ltr'><em>in</em></span> <span class='ocrx_word' id='word_1_446' title='bbox 1997 3666 2114 3704; x_wconf 86' lang='lat' dir='ltr'><em>ras.</em></span> <span class='ocrx_word' id='word_1_447' title='bbox 2139 3651 2417 3721; x_wconf 66' lang='lat' dir='ltr'><em>scr-:ptum</em></span> <span class='ocrx_word' id='word_1_448' title='bbox 2448 3655 2546 3704; x_wconf 77' lang='lat' dir='ltr'><em>est.</em></span> <span class='ocrx_word' id='word_1_449' title='bbox 2620 3649 2675 3704; x_wconf 88' lang='lat' dir='ltr'><em>in</em></span> <span class='ocrx_word' id='word_1_450' title='bbox 2712 3651 2984 3720; x_wconf 79' lang='lat' dir='ltr'><em>superscr.</em></span> <span class='ocrx_word' id='word_1_451' title='bbox 3021 3663 3163 3702; x_wconf 84' lang='lat' dir='ltr'><em>corr.</em></span> <span class='ocrx_word' id='word_1_452' title='bbox 3200 3649 3346 3717; x_wconf 84' lang='grc' dir='ltr'><em>ηιμ</em></span> <span class='ocrx_word' id='word_1_453' title='bbox 3420 3659 3504 3714; x_wconf 88' lang='grc'><em>29.</em></span> <span class='ocrx_word' id='word_1_454' title='bbox 3530 3661 3635 3699; x_wconf 86' lang='lat' dir='ltr'><em>uae</em></span> 
     </span>
     <span class='ocr_line' id='line_1_37' title="bbox 1066 3731 1814 3788; baseline 0.003 -3"><span class='ocrx_word' id='word_1_455' title='bbox 1066 3731 1132 3786; x_wconf 79' lang='lat' dir='ltr'><em>in</em></span> <span class='ocrx_word' id='word_1_456' title='bbox 1156 3731 1338 3786; x_wconf 80' lang='lat' dir='ltr'><strong>hauae</strong></span> <span class='ocrx_word' id='word_1_457' title='bbox 1359 3731 1425 3786; x_wconf 79' lang='lat' dir='ltr'><em>in</em></span> <span class='ocrx_word' id='word_1_458' title='bbox 1449 3747 1562 3786; x_wconf 86' lang='lat' dir='ltr'><em>ras.</em></span> <span class='ocrx_word' id='word_1_459' title='bbox 1587 3748 1692 3788; x_wconf 87' lang='lat' dir='ltr'><em>scr.</em></span> <span class='ocrx_word' id='word_1_460' title='bbox 1716 3739 1814 3787; x_wconf 81' lang='lat' dir='ltr'><em>est.</em></span> 
     </span>
    </p>
   </div>
   <div class='ocr_carea' id='block_1_20' title="bbox 927 3827 3422 4285">
    <p class='ocr_par' dir='ltr' id='par_1_20' title="bbox 928 3827 2282 3900">
     <span class='ocr_line' id='line_1_38' title="bbox 928 3827 2282 3900; baseline 0.001 -18"><span class='ocrx_word' id='word_1_461' title='bbox 928 3827 1056 3882; x_wconf 80' lang='lat' dir='ltr'><strong>Fol.</strong></span> <span class='ocrx_word' id='word_1_462' title='bbox 1077 3827 1144 3880; x_wconf 91' lang='grc'><em>77</em></span> <span class='ocrx_word' id='word_1_463' title='bbox 1164 3828 1219 3882; x_wconf 94' lang='lat' dir='ltr'><strong>b.</strong></span> <span class='ocrx_word' id='word_1_464' title='bbox 1270 3840 1354 3896; x_wconf 90' lang='lat'><strong>37.</strong></span> <span class='ocrx_word' id='word_1_465' title='bbox 1393 3843 1560 3898; x_wconf 85' lang='lat' dir='ltr'><em>super</em></span> <span class='ocrx_word' id='word_1_466' title='bbox 1580 3844 1656 3882; x_wconf 81' lang='lat' dir='ltr'><em>ex</em></span> <span class='ocrx_word' id='word_1_467' title='bbox 1675 3844 1847 3898; x_wconf 88' lang='lat' dir='ltr'><em>supra</em></span> <span class='ocrx_word' id='word_1_468' title='bbox 1869 3829 2116 3884; x_wconf 77' lang='lat' dir='ltr'><em>correxit</em></span> <span class='ocrx_word' id='word_1_469' title='bbox 2137 3831 2282 3900; x_wconf 89' lang='grc' dir='ltr'><em>ηιμ</em></span> 
     </span>
    </p>

    <p class='ocr_par' dir='ltr' id='par_1_21' title="bbox 929 3921 2412 3996">
     <span class='ocr_line' id='line_1_39' title="bbox 929 3921 2412 3996; baseline -0.001 -18"><span class='ocrx_word' id='word_1_470' title='bbox 929 3922 1052 3978; x_wconf 86' lang='lat' dir='ltr'><strong>Fol.</strong></span> <span class='ocrx_word' id='word_1_471' title='bbox 1078 3921 1163 3977; x_wconf 87' lang='grc'><em>78.</em></span> <span class='ocrx_word' id='word_1_472' title='bbox 1211 3936 1299 3990; x_wconf 90' lang='grc'><em>42.</em></span> <span class='ocrx_word' id='word_1_473' title='bbox 1336 3923 1518 3978; x_wconf 85' lang='lat' dir='ltr'><strong>salum</strong></span> <span class='ocrx_word' id='word_1_474' title='bbox 1542 3940 1616 3979; x_wconf 91' lang='lat' dir='ltr'><em>m.</em></span> <span class='ocrx_word' id='word_1_475' title='bbox 1625 3927 1710 3996; x_wconf 87' lang='lat' dir='ltr'><em>p.,</em></span> <span class='ocrx_word' id='word_1_476' title='bbox 1735 3941 1772 3979; x_wconf 86' lang='grc'><em>11</em></span> <span class='ocrx_word' id='word_1_477' title='bbox 1795 3928 2070 3996; x_wconf 82' lang='lat' dir='ltr'><em>superscr.</em></span> <span class='ocrx_word' id='word_1_478' title='bbox 2094 3941 2239 3980; x_wconf 83' lang='lat' dir='ltr'><em>corr.</em></span> <span class='ocrx_word' id='word_1_479' title='bbox 2264 3940 2338 3978; x_wconf 92' lang='lat' dir='ltr'><em>m.</em></span> <span class='ocrx_word' id='word_1_480' title='bbox 2345 3928 2412 3995; x_wconf 91' lang='lat' dir='ltr'><em>p.</em></span> 
     </span>
    </p>

    <p class='ocr_par' dir='ltr' id='par_1_22' title="bbox 929 4017 2463 4091">
     <span class='ocr_line' id='line_1_40' title="bbox 929 4017 2463 4091; baseline 0 -18"><span class='ocrx_word' id='word_1_481' title='bbox 929 4019 1051 4074; x_wconf 87' lang='lat' dir='ltr'><strong>Fol.</strong></span> <span class='ocrx_word' id='word_1_482' title='bbox 1078 4017 1146 4072; x_wconf 86' lang='grc'><strong>78</strong></span> <span class='ocrx_word' id='word_1_483' title='bbox 1166 4018 1221 4072; x_wconf 90' lang='lat' dir='ltr'><strong>b.</strong></span> <span class='ocrx_word' id='word_1_484' title='bbox 1268 4017 1356 4084; x_wconf 88' lang='lat'><strong>48.</strong></span> <span class='ocrx_word' id='word_1_485' title='bbox 1394 4018 1594 4075; x_wconf 85' lang='lat' dir='ltr'><strong>dabaei</strong></span> <span class='ocrx_word' id='word_1_486' title='bbox 1622 4037 1695 4074; x_wconf 91' lang='lat' dir='ltr'><em>m.</em></span> <span class='ocrx_word' id='word_1_487' title='bbox 1704 4024 1787 4091; x_wconf 90' lang='lat' dir='ltr'><em>p.,</em></span> <span class='ocrx_word' id='word_1_488' title='bbox 1811 4030 1832 4075; x_wconf 93' lang='lat' dir='ltr'><strong>t</strong></span> <span class='ocrx_word' id='word_1_489' title='bbox 1857 4024 2130 4091; x_wconf 80' lang='lat' dir='ltr'><em>superscr.</em></span> <span class='ocrx_word' id='word_1_490' title='bbox 2149 4037 2294 4076; x_wconf 84' lang='lat' dir='ltr'><em>corr.</em></span> <span class='ocrx_word' id='word_1_491' title='bbox 2320 4023 2463 4091; x_wconf 87' lang='grc' dir='ltr'><em>ηιμ</em></span> 
     </span>
    </p>

    <p class='ocr_par' dir='ltr' id='par_1_23' title="bbox 927 4114 3422 4285">
     <span class='ocr_line' id='line_1_41' title="bbox 927 4114 3422 4188; baseline -0.002 -18"><span class='ocrx_word' id='word_1_492' title='bbox 927 4115 1050 4170; x_wconf 88' lang='lat' dir='ltr'><strong>Fol.</strong></span> <span class='ocrx_word' id='word_1_493' title='bbox 1077 4114 1163 4168; x_wconf 88' lang='grc'><em>79.</em></span> <span class='ocrx_word' id='word_1_494' title='bbox 1216 4114 1298 4185; x_wconf 91' lang='grc'><em>56.</em></span> <span class='ocrx_word' id='word_1_495' title='bbox 1337 4131 1440 4186; x_wconf 84' lang='lat' dir='ltr'><em>qus</em></span> <span class='ocrx_word' id='word_1_496' title='bbox 1465 4118 1632 4186; x_wconf 88' lang='grc' dir='ltr'><strong><em>ηιμ,</em></strong></span> <span class='ocrx_word' id='word_1_497' title='bbox 1657 4133 1692 4172; x_wconf 86' lang='lat' dir='ltr'>a</span> <span class='ocrx_word' id='word_1_498' title='bbox 1715 4119 1988 4187; x_wconf 85' lang='lat' dir='ltr'><em>superscr.</em></span> <span class='ocrx_word' id='word_1_499' title='bbox 2011 4132 2154 4172; x_wconf 87' lang='lat' dir='ltr'><em>corr.</em></span> <span class='ocrx_word' id='word_1_500' title='bbox 2180 4120 2329 4188; x_wconf 88' lang='grc' dir='ltr'><em>ηιμ</em></span> <span class='ocrx_word' id='word_1_501' title='bbox 2400 4124 2544 4172; x_wconf 87' lang='lat' dir='ltr'><strong>mter</strong></span> <span class='ocrx_word' id='word_1_502' title='bbox 2566 4118 2729 4187; x_wconf 90' lang='grc' dir='ltr'><strong><em>ηιμ,</em></strong></span> <span class='ocrx_word' id='word_1_503' title='bbox 2754 4131 2789 4170; x_wconf 87' lang='lat' dir='ltr'>a</span> <span class='ocrx_word' id='word_1_504' title='bbox 2810 4118 3087 4186; x_wconf 82' lang='lat' dir='ltr'><em>superscr.</em></span> <span class='ocrx_word' id='word_1_505' title='bbox 3110 4128 3255 4169; x_wconf 85' lang='lat' dir='ltr'><em>corr.</em></span> <span class='ocrx_word' id='word_1_506' title='bbox 3280 4115 3422 4182; x_wconf 91' lang='grc' dir='ltr'><em>ηιμ</em></span> 
     </span>
     <span class='ocr_line' id='line_1_42' title="bbox 928 4209 2527 4285; baseline 0.001 -20"><span class='ocrx_word' id='word_1_507' title='bbox 928 4210 976 4265; x_wconf 86' lang='lat' dir='ltr'>F</span> <span class='ocrx_word' id='word_1_508' title='bbox 979 4210 1051 4265; x_wconf 92' lang='lat' dir='ltr'><em>ol.</em></span> <span class='ocrx_word' id='word_1_509' title='bbox 1078 4209 1148 4264; x_wconf 90' lang='grc'><strong>79</strong></span> <span class='ocrx_word' id='word_1_510' title='bbox 1167 4209 1221 4265; x_wconf 91' lang='lat' dir='ltr'><strong>b.</strong></span> <span class='ocrx_word' id='word_1_511' title='bbox 1268 4212 1356 4267; x_wconf 88' lang='lat'><strong>62.</strong></span> <span class='ocrx_word' id='word_1_512' title='bbox 1381 4210 1640 4282; x_wconf 82' lang='lat' dir='ltr'><em>princeps</em></span> <span class='ocrx_word' id='word_1_513' title='bbox 1667 4229 1740 4266; x_wconf 86' lang='lat' dir='ltr'><em>m.</em></span> <span class='ocrx_word' id='word_1_514' title='bbox 1748 4215 1832 4283; x_wconf 87' lang='lat' dir='ltr'><em>p.,</em></span> <span class='ocrx_word' id='word_1_515' title='bbox 1857 4230 1890 4268; x_wconf 89' lang='lat' dir='ltr'><strong>e</strong></span> <span class='ocrx_word' id='word_1_516' title='bbox 1911 4216 2184 4285; x_wconf 82' lang='lat' dir='ltr'><em>superscr.</em></span> <span class='ocrx_word' id='word_1_517' title='bbox 2210 4229 2354 4268; x_wconf 79' lang='lat' dir='ltr'><em>corr.</em></span> <span class='ocrx_word' id='word_1_518' title='bbox 2380 4214 2527 4283; x_wconf 88' lang='grc' dir='ltr'><em>ηιμ</em></span> 
     </span>
    </p>
   </div>
   <div class='ocr_carea' id='block_1_21' title="bbox 4326 3031 4333 4407">
    <p class='ocr_par' dir='ltr' id='par_1_24' title="bbox 4326 3031 4333 4407">
     <span class='ocr_line' id='line_1_43' title="bbox 4326 3031 4333 4407; baseline 0 0"><span class='ocrx_word' id='word_1_519' title='bbox 4326 3031 4333 4407; x_wconf 95' lang='lat' dir='ltr'><em> </em></span> 
     </span>
    </p>
   </div>
  </div>
 </body>
</html>
