4373 5048
611 379 727 429 xx.
757 378 1010 442 34-xx1.
1039 373 1145 439 αα]
1943 366 2269 429 LUCAN
2282 398 2300 414 ·
3488 326 3628 458 ‘105

611 541 718 601 illis
745 542 838 601 ihs
859 573 875 589 ·
941 542 1020 600 fili
1050 540 1222 600 huius

611 636 792 695 seculi
819 645 1172 713 generantur

610 738 668 789 et
697 739 980 807 generant
1007 761 1023 777 ·
1066 728 1187 789 8“at

610 823 671 882 hi
699 826 798 900 qui
827 824 990 900 digni
1019 823 1214 883 haben

303 552 570 607 Pol-147.
3645 556 3771 606 1⁸01.
3795 556 3919 605 148.

1363 540 1610 618 pedibus
1628 540 1742 601 tuis
1764 572 1778 589 ·
1821 540 1868 576 ⁴⁴
1885 542 1934 601 si
1960 560 2022 601 er

1362 652 1444 709 go
1473 634 1654 695 dauid
1682 635 1826 694 diim
1858 635 1958 695 illii

1360 738 1536 790 uocat
1603 730 1906 806 quomodo

1359 840 1503 899 ergo
1534 821 1684 882 filius
1711 824 1838 883 eius

2167 561 2347 620 quem
2376 543 2575 603 habuit
2603 546 2758 604 misit

2273 662 2682 690 mmm

2920 557 3117 609 motus
3148 564 3437 625 magunus

2921 641 3029 701 erit
3053 659 3160 720 per
3184 642 3317 702 loca
3342 653 3400 702 et

2922 736 3283 811 pestilentiae
3311 746 3369 796 et
3394 736 3456 797 fa

2920 844 3049 888 mes
3069 860 3083 877 ·
3145 840 3313 889 erunt
3341 840 3495 892 terro

2118 730 2152 768 *
2173 730 2197 764 ⁸
2215 732 2289 791 Et
2315 732 2665 810 quibusdam

2115 825 2149 863 *
2169 826 2492 887 dicentibus
2522 828 2595 887 de
2621 833 2679 888 te

607 926 700 977 tur
729 918 907 978 seculi
936 918 1106 978 huius
1127 949 1144 966 ·

608 1021 669 1072 et
696 1013 1036 1073 resurrectio

609 1108 700 1166 nis
727 1125 804 1166 ex
831 1108 1072 1167 mortuis
1091 1138 1106 1153 ·

609 1218 798 1278 neque
827 1202 1050 1261 nubent
1077 1220 1151 1260 ne

607 1312 722 1371 que
752 1295 968 1355 ducent
995 1314 1117 1355 uxo

607 1406 699 1449 res
719 1420 734 1435 ·
778 1389 820 1423 ³⁸
837 1408 1030 1467 neque
1056 1397 1153 1450 eni

609 1483 930 1544 morientur
948 1516 963 1531 ·
1023 1503 1162 1544 nam

609 1588 744 1637 sunt
771 1579 986 1638 similes
1014 1596 1124 1655 age

607 1671 678 1731 lis
697 1703 711 1720 ·
776 1683 835 1732 et
862 1672 940 1731 fili
975 1683 1107 1733 sunt
1134 1672 1194 1731 di

608 1766 743 1843 quia
761 1767 1064 1827 resurrecti

607 1860 738 1919 onis
759 1860 858 1919 filii
886 1870 1022 1920 sunt
1045 1892 1058 1907 ·

607 1954 652 1988 ⁸⁷
669 1960 812 2032 qfim
839 1966 972 2015 u⁰re
1000 1973 1162 2016 resur

608 2058 753 2126 gunt
780 2050 995 2111 mortui
1016 2080 1032 2097 ·

609 2140 853 2220 Moyses
882 2144 1135 2204 ostendit

608 2240 758 2299 sicut
775 2238 921 2298 dixit
947 2238 1089 2297 Uidi

607 2333 668 2391 in
695 2334 846 2393 rubo
872 2334 1016 2392 dfim
1043 2332 1146 2393 dm

605 2427 886 2488 abraham
913 2438 972 2487 et
998 2428 1156 2488 isaac

607 2571 665 2621 et
684 2561 786 2621 ἀῶ
804 2562 974 2622 iacob
985 2593 1000 2608 ·
1017 2560 1062 2594 ⁸⁸
1079 2560 1148 2620 ds
1163 2578 1308 2638 ergo

607 2664 973 2715 mortuorum
1000 2673 1124 2715 non
1151 2665 1240 2714 est

607 2749 712 2809 scd
741 2751 1008 2809 uiuorum
1033 2776 1072 2796 n
1109 2767 1212 2808 om

607 2861 714 2902 nes
735 2844 892 2902 enim
926 2843 1128 2903 uiuent
1155 2842 1208 2901 ei
1225 2875 1310 2886 —

607 2935 1062 3014 ¹’'Respondent-s
1091 2947 1287 2996 autem

607 3031 846 3108 quidam
873 3032 1191 3091 scribarum

607 3126 768 3184 aiunt
793 3125 872 3184 illi
896 3157 910 3172 ·
951 3127 1228 3203 magister

606 3219 756 3279 bene
785 3219 976 3278 dixisti
997 3251 1012 3266 ·
1053 3219 1100 3252 ⁴⁰
1115 3219 1195 3278 Et
1211 3239 1310 3279 am

607 3312 757 3390 plius
787 3331 910 3372 non
937 3325 1073 3374 sunt
1100 3315 1226 3373 ausi

607 3425 742 3466 eum
771 3408 1090 3484 quidquam
1119 3407 1180 3466 in

605 3511 896 3578 terrogare
919 3534 933 3548 ·
961 3534 976 3548 ·

607 3593 828 3654 ⁴¹Dixit
849 3604 1046 3655 autem
1074 3595 1152 3654 ad
1178 3593 1307 3656 illos

605 3689 910 3766 quomodo
938 3689 1140 3748 dicunt

605 3787 750 3859 xpm
779 3782 957 3841 filium
985 3782 1162 3841 dauid

603 3894 735 3937 esse
757 3909 772 3924 ·
815 3874 862 3910 ⁴²
876 3876 954 3936 Et
981 3877 1108 3953 ipse
1131 3875 1307 3936 dauid

605 3971 746 4031 dicit
771 3970 832 4030 in
858 3970 1007 4030 libro
1035 3971 1166 4048 psal

604 4083 836 4126 morum
861 4097 876 4114 ·
939 4065 1102 4124 Dixit

603 4159 716 4219 dns
748 4161 872 4220 dfio
900 4178 1036 4220 meo
1064 4159 1205 4220 sede

603 4253 680 4312 ad
705 4254 924 4313 dextris
949 4255 1099 4315 meis

601 4347 648 4380 ⁴³
667 4347 858 4407 donec
885 4365 1106 4424 ponam

601 4440 876 4503 inimicos
903 4451 1036 4501 tuos
1065 4443 1176 4502 sub

1360 926 1452 976 est
1472 948 1486 963 ·
1513 950 1526 963 ·
1570 917 1617 951 ⁴⁶
1631 918 1921 977 Audiente
1949 936 2025 978 au
2115 921 2149 958 *
2170 920 2271 997 plo
2298 922 2461 998 quod
2493 921 2669 999 lapidi

1362 1019 1482 1069 tem
1510 1011 1675 1070 omni
1701 1011 1923 1089 populo
1945 1043 1962 1058 ·

1360 1103 1521 1163 Dixit
1549 1104 1846 1183 discipulis
1875 1123 1946 1165 su

1359 1198 1408 1257 is
1431 1230 1446 1245 ·
1489 1198 1534 1232 ⁴⁸
1551 1199 1844 1259 adtendite
1870 1217 1908 1258 a
1935 1199 2044 1259 scri

1359 1292 1450 1351 bis
1477 1294 1578 1369 qui
1606 1292 1810 1352 uolunt
1837 1310 1936 1352 am

1359 1385 1558 1445 bulare
1586 1387 1648 1444 in
1677 1387 1838 1447 stolis
1860 1418 1875 1433 ·

1359 1487 1418 1537 et
1439 1489 1639 1539 amant
1667 1478 1898 1540 salutati

1357 1590 1506 1632 ones
1533 1574 1594 1631 in
1621 1574 1752 1633 foro
1775 1605 1791 1621 ·
1849 1572 1928 1633 Et
1954 1575 2044 1652 pri

1358 1685 1490 1727 mas
1517 1667 1823 1727 cathedras
1855 1669 1917 1727 in

1358 1764 1676 1839 synagogis
1738 1794 1752 1809 ·
1771 1762 1850 1823 Et
1876 1764 1964 1841 pri

1359 1873 1491 1915 mos
1519 1857 1838 1917 discubitos

1357 1950 1421 2008 in
1448 1951 1732 2011 conuiuiis
1755 1982 1770 1997 ·
1814 1952 1860 1985 ⁴⁷
1876 1954 1976 2031 qui

1357 2046 1731 2106 excusatione
1758 2046 1862 2105 lon

1361 2156 1439 2215 ga
1465 2150 1698 2200 orantes
1719 2171 1734 2187 ·
1795 2140 1950 2201 deuo

1358 2242 1492 2292 rant
1518 2233 1730 2293 domos
1757 2234 1816 2293 ui

1361 2327 1608 2387 duarum
1627 2360 1642 2375 ·
1702 2328 1760 2387 hi
1790 2348 1860 2389 ac

1360 2423 1576 2500 cipient
1597 2421 1896 2484 damnatio

1357 2574 1496 2614 nem
1527 2555 1810 2616 maiorem
1833 2589 1847 2604 ·
1875 2589 1890 2604 ·

1357 2657 1449 2710 21.
1466 2649 1484 2682 ¹
1496 2650 1840 2728 Respiciens
1861 2662 2056 2712 autem

1356 2745 1499 2804 uidit
1526 2763 1630 2804 eos
1658 2745 1758 2823 qui
1787 2746 1896 2805 mit

1357 2841 1556 2898 tebant
1582 2857 1826 2900 munera

1356 2933 1418 2990 in
1452 2933 1854 3009 gazofilacium

1357 3027 1617 3102 ipsorum
1645 3027 1852 3088 diuites

1358 3122 1380 3155 ²
1397 3120 1476 3178 Et
1501 3121 1645 3180 uidit
1671 3121 1968 3198 quendam

1357 3215 1594 3274 uiduam
1624 3235 1846 3293 pauper

1359 3310 1550 3368 culam
1578 3311 1842 3370 mittente

1357 3403 1436 3462 ibi
1466 3422 1601 3463 aera
1629 3405 1850 3464 minuta

1359 3498 1476 3558 duo
1499 3530 1514 3545 ·
1557 3498 1578 3531 ⁸
1595 3498 1674 3557 Et
1700 3499 1843 3558 dixit
1870 3499 1960 3558 ihs

1359 3610 1491 3652 uere
1519 3593 1656 3652 dico
1690 3594 1860 3652 uobis
1883 3625 1898 3640 ·

1355 3686 1532 3746 uidua
1559 3688 1668 3746 hec
1698 3705 1923 3766 pauper

1357 3779 1490 3840 cula
1518 3781 1650 3857 plus
1677 3799 1858 3858 quam
1888 3799 1991 3841 om

1357 3893 1464 3935 nes
1478 3875 1635 3934 misit
1652 3906 1666 3921 ·
1705 3875 1728 3908 ⁴
1744 3894 1881 3934 nam
1902 3893 2005 3935 om

1357 3987 1464 4029 nes
1491 3970 1551 4028 hi
1579 3989 1652 4028 ex
1681 3969 1959 4029 abundari

1353 4064 1434 4123 tia
1465 4064 1572 4124 sibi
1601 4065 1884 4123 miserunt

1350 4159 1411 4217 in
1442 4177 1683 4218 munera
1707 4158 1766 4216 di
1788 4189 1803 4205 ·
1865 4156 1999 4218 Hec

1353 4264 1549 4313 autem
1576 4271 1650 4311 ex
1679 4269 1754 4312 eo
1789 4253 1953 4329 quod

1355 4347 1519 4406 deest
1545 4347 1624 4406 illi
1656 4364 1898 4406 omnem

1355 4441 1577 4502 uictum
1605 4457 1774 4500 suum
1793 4473 1807 4487 ·

2116 1014 2150 1052 *
2169 1015 2281 1073 bus
2308 1016 2479 1075 bonis
2507 1026 2565 1075 et
2590 1015 2671 1075 do

2165 1108 2255 1167 nis
2284 1118 2555 1169 ornatum
2582 1112 2657 1169 sit

2163 1200 2328 1261 Dixit
2346 1202 2436 1262 ihs
2459 1234 2473 1251 ·
2519 1204 2540 1237 ⁶
2556 1204 2702 1263 haec
2730 1204 2866 1265 uide

2163 1296 2237 1355 tis
2292 1297 2529 1357 uenient
2555 1298 2682 1358 dies

2163 1390 2225 1449 in
2254 1393 2465 1467 quibus
2491 1410 2615 1452 non
2640 1410 2703 1451 re

2162 1483 2451 1561 linquetur
2476 1486 2625 1563 lapis

2165 1595 2343 1656 supra
2369 1578 2622 1657 lapidem
2650 1579 2746 1639 hic

2164 1674 2227 1731 in
2254 1674 2471 1751 pariete
2498 1674 2598 1751 qui
2630 1691 2755 1733 non

2165 1766 2492 1828 destruatur
2513 1799 2527 1815 ·
2570 1766 2595 1803 '¹
2611 1767 2685 1827 In

2163 1871 2605 1939 terrogauerunt
2634 1880 2711 1921 au

2163 1964 2286 2014 tem
2312 1956 2474 2014 illum
2502 1956 2763 2015 dicentes

2163 2049 2479 2127 Preceptor
2504 2049 2742 2127 quando

2163 2144 2311 2205 haec
2341 2154 2509 2205 erunt
2570 2154 2629 2203 et
2654 2145 2807 2223 quod

2163 2238 2397 2316 signum
2426 2258 2561 2300 cum
2591 2240 2715 2299 futu

2163 2352 2227 2391 ra
2249 2342 2417 2392 erunt
2444 2334 2590 2393 haec
2615 2364 2629 2381 ·
2688 2334 2710 2367 ⁸
2728 2334 2822 2394 ille

2162 2436 2358 2487 autem
2394 2427 2537 2487 dixit
2558 2459 2574 2475 ·
2632 2428 2827 2489 uidete

2161 2579 2237 2620 ne
2266 2560 2623 2621 seducamini
2646 2592 2660 2609 ·

2160 2654 2328 2714 multi
2353 2656 2514 2714 enim
2542 2655 2677 2714 ueni

2160 2759 2261 2809 ent
2287 2750 2349 2808 in
2376 2749 2613 2809 nomine
2642 2767 2778 2809 meo

2160 2843 2420 2902 dicentes
2453 2843 2617 2920 quod

2159 2954 2277 3014 ego
2306 2953 2439 2995 sum
2468 2941 2579 3012 xps
2607 2946 2666 2996 et
2692 2941 2748 2996 te

2159 3048 2272 3110 pus
2299 3031 2666 3109 adpropiauit
2682 3063 2769 3076 -

2162 3125 2341 3185 nolite
2370 3142 2511 3202 ergo
2532 3124 2615 3184 ire

2160 3228 2294 3296 post
2322 3218 2451 3277 illos
2474 3249 2489 3264 ·
2532 3219 2555 3254 ⁹
2576 3217 2731 3279 Cum

2160 3323 2357 3372 autem
2384 3311 2639 3372 uideritis

2162 3406 2381 3483 proelia
2410 3418 2469 3466 et
2496 3407 2672 3466 auditi

2160 3519 2307 3560 ones
2327 3501 2661 3577 proelioru-

2163 3595 2340 3654 nolite
2369 3596 2571 3654 timere
2599 3624 2615 3642 ·

2163 3699 2397 3766 oportet
2424 3690 2583 3749 enim
2608 3689 2717 3750 hec

2161 3784 2415 3861 primum
2444 3783 2565 3843 fieri
2580 3814 2625 3827 -

2165 3877 2273 3936 sed
2300 3894 2422 3936 non
2451 3878 2644 3936 statim
2672 3877 2711 3936 fi

2163 3970 2255 4029 nis
2282 3970 2343 4030 in
2370 3971 2478 4029 illis
2501 4003 2515 4017 ·
2559 3969 2605 4005 ²⁰
2622 3969 2797 4032 Tunc

2165 4064 2396 4124 dicebat
2422 4064 2529 4124 illis
2592 4081 2691 4124 sur

2163 4169 2265 4234 get
2298 4177 2444 4234 gens
2472 4169 2678 4218 contra

2162 4260 2401 4329 gentem
2461 4261 2519 4312 et
2544 4271 2649 4330 reg

2161 4365 2305 4406 num
2324 4346 2602 4408 aduersus

2159 4458 2409 4519 regnum
2466 4439 2509 4474 ¹¹
2528 4453 2586 4502 et
2612 4452 2771 4508 tem

2919 940 3012 982 res
3040 942 3191 1001 quae
3222 924 3294 985 de
3323 925 3453 985 celo
3477 957 3493 973 ·

2918 1025 2979 1075 et
3005 1017 3175 1093 signa
3201 1035 3417 1095 magna
3442 1037 3479 1079 e

2916 1119 3054 1169 runt
3116 1120 3174 1171 et
3199 1122 3427 1189 tempes

2916 1212 3061 1264 tates
3092 1236 3107 1251 ·
3132 1238 3146 1253 ·
3174 1238 3189 1252 ·
3230 1204 3275 1239 ¹²
3293 1206 3408 1267 Sed
3438 1218 3573 1266 ante

2916 1296 3027 1358 hec
3053 1300 3256 1358 omnia
3282 1300 3517 1361 inicient

2916 1392 2978 1451 in
3006 1410 3116 1452 uos
3143 1412 3355 1455 manus
3384 1413 3453 1455 su

2915 1503 2984 1546 as
3040 1496 3099 1547 et
3126 1505 3457 1565 persequen

2916 1590 3008 1639 tur
3031 1612 3046 1627 ·
3106 1582 3401 1643 uadentur

2916 1673 2978 1733 in
3006 1676 3331 1753 synagogis
3359 1686 3417 1736 et
3444 1677 3504 1736 in

2915 1769 3213 1828 custodias
3236 1801 3251 1816 ·
3316 1769 3506 1830 ducen

2915 1870 3004 1921 tes
3032 1863 3108 1922 ad
3136 1882 3301 1941 reges
3330 1873 3387 1923 et
3414 1882 3520 1942 pre

2917 1952 3073 2017 sides
3102 1968 3340 2035 propter
3372 1976 3453 2018 no

2918 2069 3055 2109 men
3084 2069 3281 2111 meum
3340 2052 3383 2086 ¹⁸
3402 2052 3536 2113 Con

2913 2145 3101 2221 tinget
3128 2146 3282 2204 enim
3312 2146 3373 2203 in
3401 2155 3489 2206 tes

2912 2238 3219 2297 timonium
3246 2240 3415 2299 uobis

2915 2329 2959 2363 ²⁴
2977 2331 3187 2391 Ponite
3214 2350 3357 2410 ergo
3384 2332 3447 2393 in
3477 2351 3582 2394 cor

2916 2426 3084 2485 dibus
3110 2426 3315 2485 uestris

2912 2577 3035 2619 non
3063 2559 3471 2636 premeditari·

2912 2652 3413 2729 quemadmodum

2911 2747 3313 2824 respondeatis
3342 2778 3356 2795 ·
3402 2747 3447 2781 ¹⁶
3461 2765 3576 2825 ego

2912 2842 3074 2900 enim
3106 2840 3266 2900 dabo
3294 2842 3467 2901 uobis

2912 2952 2981 2994 os
3009 2943 3069 2994 et
3096 2935 3443 3010 sapientiam
3468 2965 3484 2983 ·

2912 3030 3003 3089 cui
3033 3047 3158 3088 non
3185 3038 3462 3106 poterunt

2910 3123 3174 3182 resistere
3232 3122 3412 3181 aduer

2912 3219 3047 3276 sarii
3076 3217 3252 3276 uestri
3275 3247 3291 3263 ·
3332 3215 3376 3249 ¹⁸
3396 3216 3521 3278 Tra.

2913 3310 3118 3369 dimini
3146 3312 3309 3370 enim
3338 3330 3375 3370 a
3402 3330 3481 3389 pa

2914 3406 3169 3464 rentibus
3190 3436 3203 3451 ·
3264 3415 3324 3464 et
3351 3404 3509 3465 fratri

2914 3499 3027 3558 bus
3046 3529 3062 3545 ·
3125 3509 3183 3559 et
3209 3517 3246 3559 a
3272 3500 3540 3575 cognatis
3562 3529 3581 3546 ·

2914 3601 2973 3651 et
2999 3592 3204 3652 amicis
3226 3624 3242 3640 ·
3302 3605 3360 3653 et
3388 3603 3581 3653 morte

2914 3685 3186 3745 adficient
3213 3705 3287 3745 ex
3314 3688 3487 3747 uobis
3507 3718 3523 3734 ·

2914 3777 2961 3814 ¹⁷
2976 3779 3054 3839 Et
3082 3780 3236 3839 eritis
3264 3781 3402 3841 odio
3432 3781 3598 3842 omni

2914 3873 3023 3931 bus
3050 3871 3383 3936 hominibus
3412 3887 3555 3954 prop

2912 3976 3000 4026 ter
3028 3985 3250 4028 nomen
3278 3987 3481 4029 meum

2912 4059 2958 4093 ¹⁸
2974 4059 3052 4121 Et
3078 4062 3325 4140 capillus
3346 4063 3555 4142 capitis

2913 4155 3090 4214 uestri
3119 4174 3241 4216 non
3268 4156 3476 4232 peribit
3494 4188 3509 4204 ·

2911 4245 2958 4282 ¹⁹
2979 4251 3041 4309 in
3068 4259 3257 4309 uestra
3284 4251 3561 4326 patientia
3576 4281 3599 4300 ι

2914 4342 3208 4419 adquiritis
3234 4344 3459 4402 animas

2913 4446 3133 4498 uestras
3156 4466 3172 4482 ·
3214 4432 3261 4468 ²⁰
3278 4435 3434 4497 Cum
3460 4441 3597 4499 aute

3252 4560 3286 4604 ι’
