4373 5048
355 566 482 614 rol.
507 566 557 617 ⁷.

607 400 698 452 lv,
724 403 892 464 23-V.
920 396 1025 464 25.]

606 567 682 627 Et
709 586 950 628 omnem
981 568 1130 627 firmi

606 672 788 721 tatem
815 663 877 721 in
904 663 1075 741 plebe
1095 688 1110 704 ·

605 753 738 816 “Et
763 757 902 815 abiit
931 757 1086 816 fama
1112 757 1237 816 eius

607 851 668 908 in
697 859 881 910 totam
913 849 1134 927 Syriam
1156 875 1169 888 ·

607 941 686 1002 Et
713 942 1044 1020 optulerunt
1073 943 1127 1001 ei

608 1054 818 1096 omnes
845 1035 996 1095 male
1026 1036 1104 1093 ha

606 1132 848 1190 bentes·
908 1130 1082 1190 uariis

604 1224 983 1301 languoribus
1006 1255 1019 1268 ·

606 1329 664 1379 et
701 1319 1002 1379 tormentis
1029 1337 1145 1378 con

607 1413 929 1489 prehensos
953 1439 966 1454 ·
1025 1423 1082 1471 et

606 1506 957 1584 paralyticos
975 1533 988 1546 ·
1051 1517 1112 1566 et

607 1599 985 1660 demoniacos
1009 1625 1021 1640 ·
1085 1610 1142 1658 et

607 1695 898 1754 lunaticos
925 1704 983 1753 et
1012 1711 1087 1752 cu

609 1789 756 1847 rauit
789 1805 894 1847 eos
915 1815 928 1826 ·
985 1785 1116 1845 ²³Et

609 1882 1001 1958 sequebantur

605 1998 742 2040 eum
770 1980 972 2038 turbae
1000 1980 1122 2038 mul

608 2085 700 2134 tae
731 2105 746 2120 ·
799 2073 872 2134 de
901 2072 1145 2150 galilea·

605 2179 665 2229 et
693 2168 961 2244 decapoli
984 2194 997 2208 ·
1055 2179 1113 2228 et
1142 2169 1217 2227 ab

607 2263 1014 2339 hierosolymis
1038 2289 1051 2301 ·

608 2367 666 2416 et
692 2357 863 2416 iudea
885 2387 899 2400 ·
957 2365 1014 2414 et
1043 2367 1203 2414 trans

609 2449 896 2510 iordanen
915 2476 929 2490 ·
989 2455 1046 2509 5.
1089 2447 1198 2506 ¹Ui

610 2582 758 2642 dens
785 2592 976 2641 autem
1005 2592 1095 2640 tur

609 2678 718 2737 bas
787 2677 1049 2736 ascendit
1075 2677 1136 2735 in

609 2780 876 2830 montem
899 2798 912 2811 ·
977 2781 1035 2830 et
1063 2776 1138 2830 cii

610 2864 892 2925 sedisset·
949 2872 1149 2928 †acce

610 2968 808 3019 serunt
836 2958 914 3018 ad
941 2962 1078 3019 eu'm

612 3052 877 3130 discipuli
905 3054 1030 3112 eius
1055 3080 1066 3093 ·

608 3143 720 3206 'Et
750 3147 972 3224 aperuit
999 3166 1068 3207 os
1097 3153 1206 3207 sust

611 3253 669 3301 et
698 3242 948 3302 docebat
973 3260 1077 3301 eos

611 3340 812 3400 dicens
837 3370 850 3385 ·
907 3337 1104 3399 ¹'Beati

610 3451 900 3511 pauperes
927 3438 1038 3510 spu
1059 3460 1072 3473 ·

611 3532 752 3604 qflm
781 3528 1042 3606 ipsorum
1068 3536 1158 3586 est

609 3639 854 3699 regnum
882 3621 1076 3681 celon]
1103 3648 1116 3662 ·

609 3714 808 3775 ⁴Beati
837 3716 936 3793 qui
961 3714 1170 3790 lugunt

611 3814 754 3886 qiim
782 3810 892 3887 ipsi
918 3826 1106 3869 conso

607 3904 912 3963 labuntur·

610 3995 814 4056 ³Beati
844 3997 1136 4056 mansueti
1158 4023 1171 4036 ·

613 4094 756 4167 qiim
785 4090 899 4168 ipsi
926 4086 1088 4168 possi
1173 4132 1180 4139 .

613 4184 836 4244 debunt
861 4194 1074 4244 terram

611 4276 805 4337 ⁶Beati
827 4279 928 4356 qui
955 4276 1212 4337 esuriunt

613 4381 673 4431 et
699 4372 895 4432 sitiunt
923 4373 1200 4433 iustitia--

614 4470 756 4543 qiim
784 4466 894 4546 ipsi
923 4476 1118 4529 satura

1021 4563 1233 4624 buntur

1851 389 1984 448 MA
2006 375 2354 448 TTHECJ·

1361 566 1558 628 'Beati
1586 569 1882 629 misericor
1922 553 1935 566 ⁰

1361 663 1465 722 des
1494 669 1637 740 qiim
1666 664 1776 740 ipsi

1361 757 1788 817 miserabuntur
1810 782 1823 796 ·

1363 849 1558 910 ⁸Beati
1587 851 1811 912 mundo
1841 870 1945 912 cor

1363 945 1438 1004 de
1466 946 1748 1022 quoniam
1777 946 1887 1022 ipsi

1365 1037 1466 1097 drn
1494 1039 1778 1099 uidebunt
1803 1067 1815 1080 ·

1364 1133 1561 1193 ’Beati
1589 1133 1816 1210 pacifici
1844 1141 1986 1211 qiim

1362 1224 1446 1285 fili
1473 1228 1532 1286 di
1557 1229 1924 1287 uocabantur
1949 1255 1962 1268 ·

1362 1321 1408 1355 ¹⁰
1418 1321 1582 1382 Beati
1610 1323 1709 1399 qui
1737 1340 1980 1400 persecu

1361 1418 1586 1476 tionem
1620 1417 1822 1495 patiun

1364 1521 1455 1570 tur
1485 1521 1725 1588 propter
1753 1512 1840 1571 ius

1364 1606 1548 1664 titiam
1573 1631 1586 1646 ·
1646 1611 1788 1682 qum
1819 1607 1876 1683 ip

1365 1717 1564 1759 sorum
1595 1709 1682 1759 est
1710 1719 1815 1776 reg

1365 1813 1504 1853 num
1538 1795 1835 1854 caelorum
1860 1821 1872 1835 ·

1363 1888 1580 1949 ¹¹Beati
1609 1888 1762 1948 eritis
1791 1906 1927 1947 cum

1365 1983 1817 2060 exprobauerint

1366 2077 1534 2135 uobis
1562 2076 1832 2136 homines
1858 2105 1870 2117 ·

1365 2181 1424 2230 et
1451 2171 1738 2247 persecuti
1768 2170 1864 2230 fue

1363 2266 1476 2324 rint
1503 2274 1560 2324 et
1588 2265 1834 2325 dixerint

1363 2377 1541 2419 omne
1563 2360 1807 2418 uerbum

1367 2453 1586 2512 malum
1605 2454 1884 2514 aduersus

1367 2605 1477 2646 uos
1509 2588 1859 2647 mentientes

1366 2691 1603 2758 propter
1629 2700 1756 2740 me·

1365 2774 1407 2808 ¹²
1417 2774 1687 2836 Gaudete
1713 2785 1774 2836 et
1799 2778 1994 2837 exulta

1366 2880 1424 2929 te
1449 2896 1462 2910 ·
1522 2876 1920 2946 qiimercestra
1981 2858 1988 2865 ’

1367 2963 1552 3023 multa
1581 2974 1670 3024 est
1695 2966 1757 3023 in
1788 2965 1926 3025 celis
1949 3000 1962 3013 ·

1368 3058 1467 3118 Sic
1492 3058 1654 3117 enim
1682 3076 1928 3136 persecu

1367 3155 1408 3213 ti
1443 3163 1578 3213 sunt
1604 3164 1662 3213 et
1689 3154 1858 3232 profe

1367 3259 1456 3307 tas
1483 3249 1583 3326 qui
1612 3258 1775 3308 erant
1801 3260 1934 3309 ante

1367 3359 1515 3402 uos·
1571 3340 1754 3403 ¹³Uos
1771 3344 1908 3402 estis

1368 3437 1452 3496 sal
1481 3446 1629 3497 terre
1653 3464 1666 3477 ·
1728 3436 1789 3496 Si
1817 3456 1891 3497 au

1365 3540 1484 3590 tem
1515 3531 1601 3592 sal
1629 3530 1850 3591 fatuata

1371 3624 1540 3684 fuerit
1619 3626 1680 3685 in
1709 3644 1828 3704 quo
1857 3626 1944 3685 sal

1368 3719 1536 3778 lietur
1607 3718 1685 3778 ad
1712 3718 1893 3780 nihile

1369 3812 1525 3871 ualet
1599 3813 1711 3873 nisi
1739 3823 1802 3872 ut
1829 3815 1937 3873 mit

1368 3916 1519 3965 tatur
1547 3906 1700 3967 foras
1719 3932 1732 3947 ·
1792 3918 1850 3967 et

1370 4000 1746 4061 conculcetur
1773 4003 1850 4061 ab

1369 4093 1708 4154 hominibus
1731 4126 1743 4139 ·
1769 4130 1852 4141 —

1369 4187 1414 4220 ¹⁴
1425 4187 1554 4248 Uos
1580 4189 1718 4248 estis
1745 4189 1844 4249 lux
1871 4190 2042 4250 huius

1371 4283 1575 4342 mundi
1599 4308 1612 4322 ·
1658 4283 1800 4343 Non
1827 4303 1908 4363 po

1370 4387 1482 4437 test
1510 4377 1710 4437 ciuitas
1737 4381 1961 4439 abscon

1372 4469 1430 4530 di
1459 4488 1636 4550 supra
1661 4482 1904 4533 monte-

2170 569 2367 645 posita
2388 598 2405 616 ·
2467 569 2513 602 ¹⁸
2524 566 2733 646 Neque

2171 661 2505 722 accendunt
2530 662 2590 720 lu

2170 774 2409 815 cernam
2438 765 2496 816 et
2522 767 2753 832 ponunt

2167 867 2241 907 ea
2270 850 2379 908 sub
2406 850 2611 912 modio
2635 875 2649 888 ·

2173 941 2291 1002 Sed
2326 960 2497 1021 super
2524 942 2715 1004 cande

2169 1037 2397 1096 labrum
2494 1047 2558 1095 ut
2584 1037 2646 1095 lu

2171 1141 2299 1190 ceat
2327 1132 2601 1190 omnibus

2171 1225 2272 1302 qui
2299 1225 2360 1283 in
2387 1225 2570 1285 domo
2600 1236 2735 1286 sunt
2760 1251 2774 1268 ·

2173 1319 2321 1379 ¹⁶Sic
2348 1319 2539 1379 luceat
2566 1319 2765 1379 lumen

2171 1425 2426 1474 uestrum
2456 1427 2644 1474 cora-

2171 1507 2542 1568 hominibus·
2600 1519 2663 1567 ut

2171 1602 2407 1662 uideant
2433 1621 2615 1680 opera

2171 1705 2365 1754 uestra
2384 1697 2543 1756 bona
2568 1729 2580 1744 ·

2171 1788 2251 1848 Et
2276 1790 2659 1866 magnificent

2173 1893 2397 1959 patrem
2426 1890 2621 1944 uestri]

2173 1978 2274 2054 qui
2302 1978 2363 2035 in
2392 1978 2567 2038 caelis
2596 1989 2719 2038 est·
2748 2010 2759 2023 ·
2786 2009 2801 2025 ·

2173 2096 2557 2128 mmuh

2127 2162 2154 2194 '¹¹
2179 2164 2223 2198 ¹⁷
2236 2165 2435 2226 Nolite
2460 2177 2665 2244 putare

2127 2255 2155 2288 *
2179 2265 2322 2335 qilm
2350 2261 2483 2319 ueni
2512 2261 2603 2319 sol

2125 2350 2153 2382 ³¹
2173 2371 2310 2413 uere
2338 2354 2531 2432 legem

2174 2457 2273 2507 aut
2302 2448 2557 2527 profetas

2177 2580 2320 2641 Non
2348 2582 2483 2642 ueni
2514 2582 2743 2644 soluere

2175 2676 2370 2753 legem
2400 2676 2508 2737 sed
2534 2677 2692 2737 adim

2175 2770 2337 2849 plere
2360 2797 2372 2811 ·
2418 2770 2664 2831 ¹⁸Arnen

2172 2864 2331 2922 enim
2360 2863 2494 2924 dico
2522 2866 2693 2925 uobis

2175 2957 2390 3018 Donec
2418 2969 2676 3019 transeat

2174 3052 2403 3112 caelum
2430 3064 2489 3113 et
2516 3063 2723 3115 terra--

2177 3145 2307 3206 Iota
2333 3165 2518 3206 unum
2540 3148 2633 3207 uel

2173 3258 2325 3301 unus
2354 3260 2545 3318 apaex
2577 3260 2700 3302 non

2173 3336 2437 3395 transibit
2463 3354 2499 3395 a
2525 3335 2655 3413 lege

2171 3430 2365 3491 donec
2393 3431 2595 3491 omnia
2623 3430 2763 3491 fiant
2792 3458 2804 3471 ·

2173 3526 2217 3559 ¹⁹
2238 3524 2360 3598 Qui
2388 3526 2546 3585 enim
2575 3524 2811 3584 soluerit

2170 3637 2355 3678 unum
2390 3618 2463 3678 de
2490 3619 2709 3679 manda

2173 3714 2244 3773 tis
2270 3713 2396 3773 istis
2422 3713 2710 3773 minimis·

2173 3817 2234 3867 et
2261 3807 2525 3867 docuerit
2552 3807 2634 3865 sic

2172 3901 2443 3961 homines
2462 3928 2475 3942 ·
2532 3902 2676 3960 mini

2174 4013 2308 4055 mus
2334 3995 2640 4056 uocabitur

2175 4090 2238 4149 in
2265 4107 2451 4167 regno
2480 4089 2775 4150 caeloru-·

2178 4183 2298 4257 Qui
2326 4196 2522 4245 autem
2548 4184 2748 4246 fecerit

2177 4289 2237 4339 et
2266 4280 2529 4340 docuerit
2619 4280 2715 4339 hic

2180 4392 2431 4452 magnus
2456 4375 2669 4435 uocabi

2177 4469 2348 4528 turin
2365 4486 2553 4547 regno
2572 4468 2863 4529 caelum·-

3592 401 3633 469 5

2930 564 3138 628 ”Dico
3167 577 3362 628 autem
3392 570 3564 629 uobis
3658 575 3784 624 rol.
3808 575 3861 624 s.

2930 669 3072 739 qiim
3100 663 3216 723 nisi
3242 665 3400 723 abun

2930 757 3154 817 dauerit
3174 758 3390 818 iustitia

2928 862 3155 910 uestra·
3213 852 3347 929 plus

2928 962 3105 1021 quam
3134 947 3395 1006 scribarfi
3420 973 3431 986 ·

2928 1050 2985 1099 et
3013 1038 3399 1114 phariseoru-

2929 1134 3272 1192 nontrabitis
3298 1136 3359 1194 in
3386 1146 3484 1213 r⁰g

2929 1244 3073 1284 num
3102 1227 3398 1287 caelorum
3422 1256 3435 1269 ·

2926 1317 3239 1381 2¹Audistis
3266 1325 3403 1399 quia
3430 1324 3522 1383 dic

2926 1423 3051 1472 tum
3081 1425 3169 1474 est
3195 1417 3448 1495 antiquis
3468 1443 3481 1458 ·

2929 1526 3051 1566 non
3080 1510 3350 1570 occides·
3408 1514 3508 1589 qui

2930 1613 3124 1662 autem
3152 1605 3432 1664 occiderit

2931 1715 3064 1754 reus
3093 1698 3201 1756 erit
3228 1699 3423 1758 iudicii
3448 1726 3459 1738 ·

2930 1787 3119 1867 ”Ego
3148 1801 3343 1851 autem
3372 1795 3508 1855 dico
3537 1813 3618 1856 uo

2932 1886 3052 1965 bis·
3114 1887 3278 1964 quod
3305 1890 3499 1948 omnis

2934 1979 3033 2056 qui
3063 1981 3322 2040 irascitur
3348 1981 3434 2041 fra

2932 2075 3003 2132 tri
3032 2093 3140 2135 suo
3170 2076 3294 2136 sine
3322 2094 3501 2136 causa
3524 2103 3537 2116 ·

2933 2185 3067 2227 reus
3096 2169 3203 2227 erit
3231 2168 3425 2230 iudicii
3450 2197 3463 2211 ·

2935 2262 3053 2334 Qui
3081 2273 3276 2323 autem
3304 2263 3509 2324 dixerit

2933 2355 3091 2415 fratri
3120 2373 3226 2417 suo
3247 2357 3423 2418 racha
3441 2389 3454 2403 ·

2932 2468 3064 2509 reus
3094 2451 3199 2509 erit
3227 2452 3475 2512 concilio
3498 2485 3512 2498 ·

2936 2580 3056 2654 Qui
3084 2594 3278 2643 autem
3306 2584 3543 2645 dixserit

2934 2676 3089 2735 fatue
3148 2696 3281 2737 reus
3309 2680 3415 2737 erit

2933 2769 3201 2848 gehenne
3230 2773 3380 2848 ignis
3404 2800 3415 2813 ·

2934 2862 3047 2925 ”Si
3077 2883 3221 2943 ergo
3250 2866 3461 2927 offeres
3488 2886 3593 2929 mu

2876 2964 2887 2975 “
2935 2977 3046 3019 nus
3077 2968 3239 3019 tuum
3267 2960 3344 3021 ad
3372 2962 3486 3022 alta

2934 3071 3057 3113 rem
3123 3064 3182 3113 et
3210 3056 3290 3114 ibi
3316 3074 3478 3117 reme

2932 3157 3192 3208 moratus
3220 3148 3392 3209 fueris
3414 3180 3429 3196 ·

2931 3242 3069 3318 quia
3095 3240 3269 3301 frater
3296 3254 3429 3305 tuus

2929 3334 3108 3395 habet
3140 3336 3394 3413 aliquem

2929 3429 3241 3491 aduersum
3269 3441 3326 3490 te
3349 3456 3364 3471 ·

2928 3521 3228 3602 ²⁴Relique
3255 3525 3331 3584 ibi
3360 3543 3493 3585 mus

2929 3626 3097 3675 tuum
3124 3628 3259 3677 ante
3287 3620 3465 3679 altare
3491 3654 3502 3667 ·
3530 3654 3543 3667 ·
3570 3654 3585 3669 ·

2929 3721 2988 3771 et
3013 3711 3169 3773 uade
3195 3712 3355 3791 prius
3382 3734 3447 3774 re

2931 3807 3238 3867 conciliare
3264 3806 3423 3867 fratri

2929 3912 3031 3960 tuo
3057 3926 3071 3939 ·
3134 3912 3193 3960 et
3221 3910 3359 3962 tunc

2929 3994 3176 4055 ueniens
3202 3995 3380 4055 offers

2933 4105 3149 4149 munus
3180 4100 3345 4149 tuum
3364 4116 3377 4131 ·
3400 4116 3415 4131 ·

2931 4180 3131 4244 ⁸‘Esto
3160 4187 3539 4248 consentiens

2930 4280 3260 4341 aduersario
3287 4290 3391 4340 tuo

2931 4374 3048 4434 cito
3084 4393 3219 4435 cum
3245 4392 3310 4435 es
3338 4392 3476 4435 cum

2932 4470 3031 4529 illo
3058 4471 3120 4530 in
3146 4469 3242 4529 uia
3267 4496 3280 4510 ·
3340 4487 3417 4529 ne
3446 4469 3538 4530 for

3495 4575 3553 4623 te
