4373 5048
467 595 598 649 1¹01.
617 597 672 649 8.

717 389 756 433 2

716 599 853 641 men
878 580 1002 641 eius
1027 598 1124 639 em

715 674 951 735 manuel
976 711 989 724 ·
1049 671 1208 752 quod

713 780 804 830 est
831 771 1080 846 interpre

713 873 900 923 tatum
929 863 1102 922 nobis

714 975 853 1017 cum
883 955 951 1016 ds
976 983 989 996 ·
1007 954 1224 1014 '‘Exur

714 1069 862 1128 gens
889 1060 1084 1110 autern
1111 1050 1172 1108 io

711 1145 860 1223 seph
889 1163 925 1204 a
952 1162 1164 1204 somno
1187 1169 1201 1182 ·

712 1238 851 1298 fecit
877 1237 959 1297 sic
989 1247 1052 1296 ut
1080 1255 1184 1314 pre

713 1333 868 1409 cepit
896 1331 951 1390 ei
979 1331 1224 1408 angelus

713 1425 816 1484 diii
838 1451 852 1464 ·
911 1435 968 1485 et
996 1441 1138 1484 acce

709 1519 796 1597 pit
823 1519 1134 1594 coniugem

711 1631 881 1673 suam
905 1639 918 1654 ·
978 1610 1088 1672 ’δεῖ
1116 1629 1242 1671 non

712 1707 994 1783 cognouit
1022 1724 1192 1764 eam·

711 1798 927 1861 Donec
956 1799 1180 1878 peperit

714 1893 896 1954 filium
925 1894 1114 1970 primo

717 1987 986 2064 genitum
1012 2013 1025 2027 ·
1094 1984 1173 2044 Et

714 2082 946 2140 uocauit
988 2098 1208 2139 nomen

717 2174 841 2233 eius
869 2173 989 2231 ihm
1011 2199 1024 2213 ·
1065 2199 1148 2226 „a

717 2281 803 2310 Φ
887 2280 970 2310 *O*
1053 2281 1136 2308 ὦ

787 2347 838 2396 in
855 2347 939 2397 die
960 2350 1044 2396 εὸο
1061 2346 1290 2412 epefanie

719 2413 873 2463 lectio
895 2413 1055 2477 prima

665 2494 696 2529 *
725 2499 787 2553 2.
828 2491 1015 2553 ¹Cum
1043 2509 1158 2569 ego
1187 2501 1360 2553 natus

669 2589 700 2625 *
727 2597 881 2647 esset
907 2587 997 2646 ihs
1024 2586 1087 2645 in
1113 2586 1252 2646 beth

666 2685 698 2719 *
725 2680 883 2740 lehm
906 2708 920 2722 ·
979 2682 1272 2741 ciuitatem

667 2777 698 2813 *
724 2774 930 2835 iudeae
953 2801 966 2817 ·
1025 2776 1088 2834 in
1111 2776 1203 2836 die

664 2872 695 2906 *
724 2870 836 2929 bus
863 2868 1096 2929 herodis
1121 2870 1272 2947 regis
1311 2912 1365 2929 .-

715 2960 878 3023 Ecce
905 2965 1067 3041 magi
1092 2965 1167 3023 ab
1195 2965 1284 3023 ori

718 3066 852 3115 ente
890 3068 1175 3117 uenerunt

715 3150 780 3208 in
808 3149 1200 3228 hierosolyma

718 3244 978 3304 dicentes
1003 3272 1016 3285 ·
1077 3246 1206 3305 ²ubi

716 3347 806 3397 est
833 3338 965 3414 quis
993 3348 1165 3399 natus
1192 3349 1280 3399 est
1299 3370 1314 3387 ·

713 3449 816 3490 rex
840 3432 1183 3492 iudaeorum
1201 3458 1216 3473 ·

713 3523 989 3586 Uidimus
1018 3526 1178 3585 enim

713 3618 938 3678 stellam
967 3620 1090 3679 eius
1119 3621 1178 3677 in

712 3712 936 3771 oriente
960 3738 974 3752 ·
1037 3723 1097 3772 et
1117 3731 1189 3774 ue

711 3806 908 3865 nimus
935 3806 1176 3867 adorare

712 3918 850 3958 eum
875 3926 888 3940 ·
953 3899 1248 3961 ¹'Audiens
1345 3918 1350 3923 ’

711 4003 906 4052 autem
933 3993 1184 4055 herodes

707 4104 812 4146 rex
839 4089 1103 4148 turbatus

706 4191 795 4239 est
861 4191 920 4241 et
947 4182 1142 4241 omnis

707 4273 1030 4353 hierolyma
1053 4294 1188 4337 curn
1217 4278 1316 4337 illo

2031 368 2151 430 SE
2149 363 2341 431 CND
2360 400 2374 417 ·

1463 579 1575 639 ⁴Et
1603 579 1908 656 congrauit
1935 595 2037 638 om

1463 691 1570 732 nes
1596 674 1892 750 principes

1465 767 1837 827 sacerdotum
1860 792 1874 806 ·

1464 870 1524 920 et
1553 861 1770 920 scribas
1796 878 1963 938 popu

1463 955 1504 1014 li
1527 982 1540 996 ·
1607 966 1666 1014 et
1693 956 1909 1014 interro

1464 1050 1625 1125 gauit
1650 1051 1728 1107 ab
1755 1049 1838 1108 eis
1861 1081 1875 1096 ·

1465 1145 1564 1202 ubi
1591 1148 1702 1218 xps
1731 1143 1989 1202 nascitur
2013 1169 2025 1184 ·

1464 1237 1576 1295 ⁸At
1603 1237 1660 1295 ili
1689 1236 1996 1295 dixerunt·

1462 1333 1524 1391 in
1550 1329 1882 1390 bethlehem

1465 1423 1670 1484 iudeae
1695 1449 1707 1462 ·
1765 1425 1850 1484 sic
1879 1431 1978 1482 eni

1467 1519 1686 1578 dictum
1719 1527 1806 1577 est
1833 1535 1940 1594 per

1465 1613 1759 1690 profetam
1781 1634 1800 1650 ·

1465 1705 1574 1764 ⁶Et
1599 1714 1661 1764 tu
1689 1705 1982 1765 bethleem
2010 1706 2070 1764 iu

1467 1801 1614 1860 deae
1682 1819 1804 1861 non
1832 1818 1896 1860 es
1923 1801 2008 1858 mi

1468 1895 1630 1952 nima
1696 1894 1844 1953 inter

1467 1988 1757 2066 principes
1784 1986 1922 2046 iuda
1945 2011 1959 2026 ·

1468 2081 1562 2140 Ex
1591 2089 1648 2140 te
1676 2081 1834 2140 enim
1863 2081 2016 2140 exiet

1470 2176 1743 2252 princeps
1769 2200 1781 2214 ·
1841 2175 1940 2251 qui

1467 2277 1630 2345 regat
1658 2269 1926 2347 populu-

1469 2381 1669 2424 meum
1697 2363 1764 2422 isl
1788 2389 1802 2404 ·

1471 2493 1678 2555 ’Tunc
1707 2494 1956 2556 herodes

1473 2591 1700 2650 occulte
1729 2609 1879 2650 uoca

1470 2685 1556 2744 uit
1583 2703 1792 2763 magos
1811 2712 1824 2727 ·
1887 2685 1965 2745 Et

1470 2778 1772 2855 diligenter
1799 2798 1872 2838 ex

1470 2873 1701 2950 quisiuit
1728 2874 1803 2931 ab
1828 2874 1910 2933 eis

1467 2976 1699 3044 tempus
1723 2992 1736 3005 ·
1802 2967 2039 3043 quando

1468 3061 1734 3138 apparuit
1762 3061 1844 3119 eis

1469 3154 1665 3214 stella·
1731 3154 1839 3213 ⁸Et
1865 3155 2020 3215 misit

1465 3266 1572 3307 eos
1599 3249 1658 3305 in
1687 3248 1978 3307 bethleem

1469 3340 1667 3400 dicens
1691 3370 1703 3383 ·
1764 3342 1839 3400 ite
1867 3342 1926 3400 di

1464 3434 1709 3511 ligenter
1728 3435 1876 3495 inter

1465 3542 1670 3605 rogate
1701 3531 1770 3590 de
1801 3548 1916 3606 pue

1465 3642 1533 3682 ro
1553 3650 1566 3663 ·
1627 3622 1704 3682 Et
1737 3642 1872 3684 cum
1901 3624 1962 3681 in

1463 3718 1735 3776 ueneritis
1762 3737 1823 3776 re

1465 3812 1722 3871 nuntiate
1749 3812 1890 3870 mihi
1914 3839 1931 3856 ·

1460 3912 1524 3962 ut
1551 3924 1665 3982 ego
1685 3906 1919 3965 ueniam

1461 4008 1519 4057 et
1547 4000 1786 4060 adorem
1814 4018 1950 4058 eum
1973 4026 1986 4041 ·

1460 4092 1614 4164 ⁹Qui
1642 4112 1778 4153 cum
1807 4092 1972 4151 audis

1460 4197 1587 4245 sent
1613 4204 1812 4264 regem
1843 4188 1918 4244 ab

1456 4276 1676 4339 ierunt·
1742 4282 1820 4341 Et
1845 4298 1982 4340 ecce

2269 578 2489 637 stellam
2519 596 2695 656 quam

2266 672 2533 732 uiderant
2558 674 2619 732 in

2269 767 2489 826 oriente
2508 791 2523 806 ·
2583 775 2719 826 ante

2268 861 2515 920 cedebat
2542 878 2645 919 eos
2668 891 2681 905 ·

2268 973 2452 1032 usque
2482 955 2623 1014 dum
2650 973 2725 1014 ue

2269 1051 2353 1109 nit
2380 1059 2439 1108 et
2466 1049 2595 1109 setit
2623 1067 2693 1108 su

2269 1163 2375 1221 per
2401 1137 2642 1220 puerum
2660 1170 2675 1184 ·

2269 1237 2607 1298 ¹⁰Uidentes
2634 1241 2766 1296 aute

2270 1332 2495 1391 stellam
2522 1333 2659 1408 gaui

2270 1427 2317 1484 si
2344 1437 2481 1488 sunt
2507 1425 2685 1502 gaudi

2269 1538 2308 1580 ο
2337 1537 2557 1596 magno
2584 1519 2681 1578 ual

2270 1614 2345 1674 de
2367 1641 2380 1654 ·
2447 1614 2573 1671 11Εῑ
2599 1615 2787 1672 intrssn

2270 1719 2359 1769 tes
2387 1709 2449 1767 in
2476 1709 2723 1768 domum

2271 1802 2542 1863 uiderunt
2569 1821 2649 1880 pu

2273 1915 2438 1956 erum
2511 1913 2643 1956 cum

2274 1992 2457 2050 maria
2484 2000 2667 2048 matre

2274 2087 2398 2144 eius
2418 2110 2431 2124 ·
2492 2093 2549 2142 et
2574 2101 2685 2160 pro

2275 2179 2535 2240 cidentes
2562 2179 2675 2236 ado

2274 2283 2544 2331 rauerunt
2572 2290 2709 2332 eum
2732 2297 2745 2311 ·

2274 2367 2353 2426 Et
2380 2366 2592 2444 apertis
2619 2364 2789 2424 thens

2276 2499 2427 2559 auris
2458 2497 2575 2557 suis
2603 2514 2683 2574 op

2276 2592 2527 2652 tulerunt
2554 2591 2606 2648 ei
2634 2608 2738 2647 mu

2276 2706 2442 2745 nera·
2490 2703 2696 2745 aurum
2714 2715 2727 2728 ·

2276 2792 2335 2841 et
2360 2792 2452 2840 tus
2470 2806 2484 2819 ·
2548 2790 2607 2839 et
2632 2791 2885 2839 murra*-

2275 2874 2404 2935 ”Et
2432 2874 2716 2935 admoniti
2742 2873 2803 2931 in

2276 2969 2498 3030 somnis
2518 2994 2531 3007 -
2597 2986 2673 3027 ne
2702 2986 2764 3026 re

2277 3065 2462 3125 dirent
2490 3063 2709 3121 adhero

2274 3156 2410 3216 dem
2428 3182 2441 3196 ·
2489 3175 2591 3234 per
2620 3155 2773 3215 alia-

2272 3252 2427 3309 uiam
2456 3251 2676 3309 reuersi

2273 3356 2407 3404 sunt
2435 3346 2493 3402 in
2522 3346 2682 3421 regio

2272 3457 2408 3498 nem
2438 3456 2607 3498 suam
2626 3464 2639 3477 ·
2700 3436 2853 3514 ¹³qui

2272 3550 2409 3591 cum
2437 3532 2781 3592 recesissent
2800 3556 2813 3570 ·

2268 3630 2306 3689 ’1-
2324 3625 2485 3685 Ecce
2514 3624 2757 3701 angelus
2786 3624 2889 3683 dr'ii

2268 3721 2535 3797 apparuit
2563 3719 2625 3777 in
2655 3730 2767 3779 so-

2270 3816 2360 3872 nis
2388 3814 2591 3889 ioseph
2622 3812 2681 3873 di

2270 3926 2408 3967 cens
2433 3934 2445 3947 ·
2513 3908 2697 3983 Surge

2268 4012 2326 4060 et
2354 4002 2552 4078 accipe
2581 4007 2766 4077 pueri-1
2788 4033 2801 4047 ·

2268 4104 2327 4154 et
2354 4106 2597 4154 matrem
2624 4096 2748 4155 eius
2773 4123 2784 4136 ·

2266 4198 2324 4247 et
2352 4188 2486 4265 suge
2516 4190 2575 4247 in
2603 4199 2865 4268 egyptu‘·'

2267 4292 2323 4341 et
2352 4292 2479 4342 esto
2507 4282 2585 4341 ibi
2610 4308 2621 4323 ·

3334 373 3406 438 [1.
3432 377 3612 438 23-11.
3642 390 3661 424 ι
3674 385 3724 440 7.

3143 476 3361 527 seconda
3382 475 3519 524 natal
3542 491 3595 525 sc

3024 576 3229 656 Usque
3257 596 3377 654 quo
3410 577 3589 636 dica*

3022 673 3156 731 tibi·
3222 671 3475 730 futurum

3022 776 3109 824 est
3138 766 3293 824 enim
3324 772 3385 822 ut
3413 764 3488 823 he

3020 859 3192 918 rodes
3221 868 3424 936 querat

3022 971 3267 1029 puerum
3294 952 3473 1028 perde

3021 1065 3085 1105 re
3112 1064 3249 1104 eum
3274 1076 3286 1090 ·
3322 1075 3337 1102 2
3380 1045 3425 1079 ¹⁴
3439 1045 3551 1104 Sur

3021 1159 3171 1217 gens
3198 1150 3391 1198 autem
3419 1139 3479 1199 io

3022 1234 3169 1311 seph
3198 1234 3426 1310 accepit

3022 1345 3266 1405 puerum
3294 1339 3353 1387 et
3379 1346 3481 1386 rna

3022 1433 3169 1481 trem
3196 1422 3319 1480 eius
3342 1439 3463 1480 noc

3022 1527 3079 1574 te
3136 1525 3195 1575 et
3222 1516 3361 1574 abiit
3387 1516 3449 1573 in

3022 1619 3341 1686 aegyptum
3360 1641 3374 1654 ·

3022 1703 3151 1762 ¹³Et
3179 1715 3301 1764 erat
3327 1705 3407 1764 ibi
3432 1722 3624 1782 usque

3023 1800 3099 1860 ad
3128 1819 3475 1860 consumma

3024 1895 3241 1954 tionem
3270 1894 3411 1954 hero

3025 1988 3115 2047 dis
3137 2012 3150 2027 ·
3212 1985 3293 2046 Ut
3321 1987 3483 2048 adim

3025 2081 3276 2161 pleretur
3304 2081 3456 2157 quod

3024 2177 3243 2235 dictum
3272 2185 3359 2234 est
3388 2194 3424 2232 a

3022 2270 3143 2330 dr'io
3168 2297 3180 2310 ·
3246 2288 3351 2346 per
3378 2288 3486 2345 pro

3024 2363 3201 2423 setam
3228 2362 3501 2423 dicente·-

3025 2492 3119 2553 Ex
3148 2503 3397 2572 aegypto
3426 2511 3575 2554 uoca

3025 2590 3085 2646 ui
3114 2590 3291 2648 filium
3318 2601 3511 2647 meu‘·
3534 2594 3573 2653 ’ἱ-

3023 2689 3059 2747 -Ι-
3079 2684 3309 2743 ¹⁸Tunc
3337 2682 3589 2742 herodes

3022 2788 3087 2836 ut
3111 2778 3251 2836 uidit
3274 2808 3287 2822 ·
3350 2782 3493 2853 qum

3024 2872 3258 2931 delusus
3286 2882 3373 2930 est
3402 2890 3439 2930 a

3024 2966 3213 3041 magis
3237 2992 3249 3005 ·
3314 2966 3493 3023 iratus

3024 3070 3114 3119 est
3140 3058 3429 3119 uehemen

3024 3163 3111 3211 ter
3134 3179 3146 3191 ·
3210 3163 3269 3211 et
3297 3153 3530 3211 mittens

3024 3247 3235 3306 occidit
3261 3263 3469 3304 omnes

3024 3358 3237 3418 pueros
3265 3340 3363 3416 qui
3391 3358 3425 3397 e

3021 3444 3150 3495 rant
3177 3438 3237 3493 in
3264 3431 3553 3492 bethlee'·

3020 3540 3078 3587 et
3104 3530 3166 3586 in
3194 3527 3466 3588 omnibus

3020 3622 3353 3699 regionibus
3382 3622 3505 3681 eius
3532 3648 3545 3661 ·

3020 3714 3078 3772 A
3106 3714 3325 3771 bimatu
3392 3722 3449 3770 et
3478 3712 3538 3769 in

3020 3807 3106 3867 fra
3136 3806 3460 3867 secundum

3019 3914 3250 3979 tempus
3321 3901 3481 3978 quod

3018 3998 3362 4074 exquisierat
3389 4015 3425 4054 a

3018 4092 3206 4167 magis
3232 4116 3244 4129 ·
3307 4091 3351 4124 ¹⁷
3365 4090 3541 4150 Tunc

3018 4185 3397 4262 adimpletum

3018 4295 3106 4343 est
3135 4286 3295 4361 quod
3324 4285 3481 4346 dictu
3510 4295 3597 4345 est

3752 587 3876 636 1¹01.
3892 587 3947 634 4.
