4373 5048
361 408 385 425 ‘
440 433 569 484 τοι.
585 434 680 484 ω.

732 273 817 323 22

730 447 869 491 cum
897 428 1121 489 tristitia
1143 460 1157 476 ·
1203 429 1225 463 ⁴
1244 426 1303 487 fa

730 524 883 584 ciem
910 542 1055 600 ergo
1082 522 1229 583 caeli
1258 532 1360 581 nos

728 618 803 677 tis
832 618 1135 678 aestimare
1156 647 1171 662 ·

730 710 915 788 Signa
942 720 1137 771 autem
1165 720 1287 769 tem

729 824 945 884 porum
974 824 1094 865 non
1126 823 1208 881 po

728 900 891 960 testis
910 930 925 947 ·
970 916 1188 975 genera

728 993 810 1053 tio
840 992 995 1052 mala
1022 1001 1081 1051 et
1106 990 1303 1052 adulte

728 1104 795 1147 ra
822 1086 1051 1162 signum
1080 1102 1231 1162 quae

728 1180 800 1239 rit
828 1190 886 1239 et
914 1179 1144 1256 signum
1172 1188 1286 1238 n0n

728 1272 955 1332 dabitur
982 1273 1071 1331 ei·
1113 1274 1227 1332 nisi

731 1367 965 1442 signum
990 1366 1129 1425 ione
1158 1385 1267 1444 pro

730 1460 915 1519 saetae
934 1491 951 1507 ·
995 1469 1053 1519 et
1079 1460 1217 1521 relic

730 1554 804 1614 tis
830 1553 940 1613 illis
968 1554 1109 1613 abiit
1128 1586 1143 1601 ·
1203 1552 1320 1613 ‘Et

730 1666 867 1709 cum
894 1647 1193 1707 uenissent

732 1742 998 1818 discipuli
1024 1742 1147 1800 eius
1177 1750 1329 1799 trans

730 1836 941 1894 fretum
968 1834 1135 1893 obliti

732 1937 869 1987 sunt
894 1945 1079 2004 panes
1108 1944 1273 1988 sume

730 2041 793 2082 re
815 2053 829 2069 ·
874 2021 1002 2079 ‘ihs
1034 2030 1229 2080 autem

730 2115 874 2175 dixit
898 2114 1007 2174 illis
1026 2145 1040 2161 ·
1082 2114 1274 2174 uidete

733 2352 792 2402 et
820 2341 1073 2402 atendite
1101 2361 1137 2402 a
1164 2341 1251 2402 fer

733 2446 933 2496 mento
962 2436 1231 2514 pharisae

732 2548 903 2591 orum
929 2542 988 2591 et
1014 2532 1273 2592 sadduce

732 2642 902 2685 orum
920 2657 936 2672 ·
986 2625 1009 2658 ⁷
1024 2625 1102 2684 illi
1130 2644 1273 2703 ergo

731 2720 1069 2796 cogitabant
1092 2720 1243 2778 intra

732 2830 794 2873 se
822 2813 1081 2872 dicentes
1150 2814 1287 2890 quia

732 2924 917 2984 panes
944 2925 1069 2966 non
1099 2908 1280 2966 sumsi

733 3017 864 3060 mus
884 3031 899 3046 ·
941 2999 963 3032 ⁸
982 2999 1187 3060 Sciens
1216 3018 1293 3060 au

732 3103 851 3154 tem
879 3093 969 3152 ihs
996 3094 1140 3153 dixit

732 3187 871 3265 quid
899 3187 1166 3265 cog-itatis

732 3283 882 3342 intra
907 3299 1019 3342 uos
1044 3299 1149 3340 mo

734 3376 863 3436 dice
891 3376 1027 3436 fidei
1045 3408 1060 3423 ·

732 3472 870 3548 quia
896 3489 1081 3548 panes
1110 3489 1233 3531 non
1262 3489 1299 3531 a

734 3566 886 3624 betis
903 3596 918 3611 ·
960 3565 983 3598 ⁹
1000 3565 1275 3626 nondum

732 3658 1043 3734 intelligitis
1094 3677 1172 3718 ne

733 3769 850 3829 que
877 3753 1223 3812 meministis

737 3845 1011 3922 Quinque
1032 3865 1216 3923 panes
1243 3855 1302 3908 et

734 3941 989 4018 quinque
1011 3941 1169 3999 milia
1199 3940 1279 4001 ho

734 4035 961 4093 minum
979 4022 1005 4080 ·'
1038 4045 1097 4093 et
1123 4031 1286 4110 quod

735 4127 962 4189 cofinos
995 4129 1278 4189 sumsistis

2018 254 2392 317 SECUND
2416 286 2432 302 ·

1488 424 1533 459 ¹⁰
1548 424 1761 505 Neque
1788 437 2015 503 septem
2043 445 2123 506 pa

1486 538 1594 581 nes
1683 531 1740 580 et
1768 532 1972 598 quattu

1485 631 1553 674 or
1579 614 1736 674 milia
1764 614 2009 675 hominii

1485 717 1545 766 et
1571 708 1733 785 quod
1760 726 1901 786 spor

1484 810 1573 859 tas
1601 802 1879 861 sumsistis
1898 834 1913 849 ·

1484 891 1526 926 ¹¹
1545 893 1867 968 Quomodo
1896 914 2016 956 non
2043 896 2105 955 in

1483 988 1733 1065 telligitis
1760 989 1899 1065 quia

1484 1092 1589 1140 n0¹²
1619 1083 1694 1141 de
1721 1102 1875 1160 pane
1904 1082 2024 1143 dixi
2050 1101 2130 1144 uo

1483 1177 1574 1235 bis
1601 1176 1917 1236 adtendere
1938 1208 1953 1224 ·

1484 1267 1882 1331 adtenditer'tdi

1485 1382 1521 1423 a
1550 1362 1840 1425 fermento

1484 1456 1821 1517 fatiseorum

1486 1560 1543 1611 et
1570 1550 1936 1612 sadduceort‘t
1959 1584 1974 1599 ·

1484 1643 1530 1677 ¹²
1547 1644 1721 1706 Tunc
1748 1646 2019 1706 intellexe

1486 1750 1619 1799 runt
1644 1742 1782 1817 quia
1812 1760 1935 1799 non

1486 1834 1630 1894 dixit
1656 1834 1973 1895 adtendere

1486 1946 1523 1987 a
1548 1928 1835 1988 fermento
1864 1931 2033 2005 panis
2050 1960 2067 1977 ο

1488 2023 1592 2082 sed
1621 2021 1698 2083 ad
1726 2022 1991 2083 doctrina

1484 2115 1855 2176 farisaeorum
1890 2127 1949 2177 et

1488 2211 1911 2271 sadduceorum
1931 2243 1945 2258 ·
1964 2233 2045 2263 *e*
2066 2245 2081 2260 ·

1438 2345 1467 2380 *
1485 2344 1529 2379 ²⁸
1546 2342 1811 2403 Ueniens
1839 2352 2033 2403 autern
2062 2343 2152 2403 ihs
2176 2376 2191 2391 ·

1436 2437 1545 2499 *in
1575 2447 1799 2515 partem
1840 2455 2111 2497 cesaraee

1437 2531 1469 2568 *
1488 2532 1669 2610 filippi
1688 2563 1703 2578 ·
1745 2533 1960 2592 interro

1436 2626 1469 2662 ¹⁸¹
1484 2628 1663 2704 gabat
1690 2626 2009 2703 discipulos

1436 2719 1467 2754 '¹¹
1487 2739 1626 2780 suos
1654 2720 1854 2780 dicens
1872 2751 1887 2766 ·

1487 2831 1664 2893 quem
1692 2832 1788 2872 me
1819 2813 2090 2874 homines

1486 2906 1689 2967 dicunt
1722 2924 1849 2966 esse
1869 2938 1884 2954 ·
1927 2906 2009 2965 fili

1485 3019 1588 3060 um
1616 3001 1868 3060 hominis
1888 3032 1903 3047 ·

1486 3092 1532 3129 ¹⁴
1549 3095 1630 3154 At
1657 3095 1735 3154 illi
1763 3095 2032 3155 dixerunt
2058 3095 2156 3172 qui

2294 426 2414 485 uiui
2439 457 2454 473 ·
2517 424 2564 459 ¹⁸¹
2580 436 2638 485 et
2667 443 2883 503 respon

2295 520 2442 580 dens
2470 521 2560 580 ihs
2589 521 2730 579 dixit
2757 521 2848 579 ei·

2291 614 2500 675 beatus
2529 634 2594 674 es
2622 615 2814 675 simon

2293 708 2535 768 bariona
2553 740 2568 755 ·
2611 708 2747 785 quia
2775 725 2848 766 ca

2289 818 2358 860 ro
2385 810 2443 859 et
2470 803 2707 878 sanguis
2733 812 2848 860 non

2291 894 2563 954 reuelabit
2589 895 2692 954 tibi
2710 926 2725 941 ·
2771 894 2892 955 Sed

2291 998 2458 1065 pater
2491 1007 2658 1048 meus
2686 989 2786 1065 qui

2291 1084 2352 1140 in
2381 1083 2554 1142 caelis
2583 1092 2671 1141 est
2693 1114 2708 1129 ·
2764 1082 2808 1115 ²⁸
2827 1093 2887 1142 et
2913 1100 2949 1142 e

2291 1194 2371 1253 go
2400 1176 2534 1237 dico
2563 1177 2666 1236 tibi
2689 1203 2702 1218 ·
2747 1178 2884 1255 quia

2291 1280 2354 1330 tu
2381 1288 2445 1329 es
2471 1281 2670 1347 petrus
2749 1282 2808 1331 et

2291 1383 2466 1441 super
2493 1363 2648 1424 hanc
2678 1374 2905 1443 petra*-

2291 1458 2622 1518 aedificabo
2649 1460 2826 1519 eclesi

2289 1570 2390 1612 am
2417 1570 2612 1613 meam
2633 1586 2646 1600 ·
2689 1562 2747 1613 et
2774 1562 2876 1631 p⁰r

2291 1657 2348 1706 te
2377 1646 2698 1707 inferorum

2293 1760 2414 1802 non
2445 1742 2867 1817 praeualebunt

2293 1834 2381 1893 ei·
2439 1832 2484 1869 ¹⁹
2499 1833 2578 1894 Et
2605 1835 2764 1895 dabo
2793 1836 2895 1895 tibi

2295 1928 2488 1989 claues
2517 1930 2680 2005 regni
2709 1931 2836 1991 celo

2295 2040 2426 2079 rum
2445 2053 2459 2069 ·
2502 2032 2560 2081 et
2587 2030 2780 2101 quect't

2295 2135 2410 2194 que
2437 2116 2706 2193 ligaueris
2734 2134 2802 2175 su

2294 2228 2401 2287 per
2430 2220 2643 2270 terram
2660 2242 2674 2257 ·

2294 2351 2466 2402 erunt
2493 2342 2670 2419 ligata
2697 2344 2758 2401 in
2787 2344 2962 2403 caelis
2979 2376 2996 2393 ο

2295 2446 2352 2495 et
2379 2454 2788 2514 quecumquae
2817 2438 2902 2498 sol

2295 2531 2445 2588 ueris
2473 2547 2648 2607 super
2674 2537 2825 2590 terra

2295 2633 2463 2683 erunt
2491 2624 2682 2684 soluta
2709 2627 2771 2684 in
2799 2645 2868 2686 ce

2295 2716 2363 2778 lis
2382 2749 2397 2764 ·
2462 2714 2507 2750 ⁹⁰
2525 2718 2698 2779 Tunc
2735 2721 2890 2798 impe

2295 2811 2445 2872 rauit
2471 2812 2773 2890 discipulis

2297 2905 2415 2965 suis
2443 2916 2508 2965 ut
2534 2908 2755 2966 nemini

2294 2997 2554 3059 dicerent
2580 3000 2740 3078 quod

2297 3092 2390 3152 hic
2419 3105 2509 3154 est
2537 3095 2626 3154 ihs
2655 3113 2768 3174 xps
2787 3127 2802 3142 ·
2823 3128 2838 3144 ·
2862 3121 2940 3149 .ae=

1487 3188 1627 3249 dam
1655 3188 1972 3249 iohannem
2076 3185 2588 3266 in‚tin30²¹Exinde
2617 3192 2808 3267 coepit
2836 3191 2924 3250 ihs

1487 3283 1801 3360 baptistam
1821 3315 1835 3330 ·
1880 3283 1977 3341 alii
2044 3253 2602 3342 the²⁸t¹¹²ostendere
2631 3284 2772 3344 disci

1488 3375 1703 3436 heliam
1724 3407 1739 3422 ·
1784 3377 1878 3436 alii
1904 3395 2047 3437 uero

1488 3470 1823 3530 hieremiam
1844 3503 1858 3518 ·
1902 3481 2002 3532 aut

1486 3583 1673 3624 unum
1700 3583 1773 3626 ex
1802 3565 2041 3643 profetis
2060 3598 2074 3614 ·

1488 3659 1533 3694 ¹¹⁵
1550 3659 1707 3720 Dicit
1733 3659 1842 3720 illis
1869 3661 1961 3720 ihs
2041 3680 2151 3723 uos

1488 3764 1684 3813 autem
1712 3772 1889 3832 quem
1919 3773 2014 3814 me

1489 3848 1675 3908 dicitis
1703 3867 1831 3908 esse
1848 3880 1864 3896 ·

1490 3941 1535 3976 ²⁸
1554 3941 1955 4019 Respondens
1984 3947 2118 4003 aute

1492 4036 1683 4095 simon
1710 4045 1907 4114 petrus
1934 4037 2076 4098 dixit
2093 4069 2109 4085 ·

1488 4139 1553 4190 tu
1579 4147 1646 4190 es
1674 4148 1787 4209 xps
1813 4130 1962 4192 filius
1990 4131 2051 4191 di

2295 3377 2444 3455 pulis
2472 3378 2590 3437 suis
2659 3381 2796 3457 quia

2296 3481 2527 3549 oportet
2553 3490 2691 3531 eum
2719 3475 2800 3534 ire

2297 3564 2688 3643 hierosolyma
2715 3577 2774 3627 et

2297 3659 2478 3720 multa
2505 3661 2623 3737 pati
2653 3679 2689 3720 a
2717 3662 2880 3723 senio

2295 3753 2454 3812 ribus
2520 3764 2579 3814 et
2605 3756 2793 3832 princi

2294 3847 2466 3923 pibus
2493 3849 2860 3910 sacerdota--

2295 3951 2356 4001 et
2382 3943 2581 4003 scribis
2604 3975 2617 3990 ·
2663 3955 2720 4004 et
2748 3945 2942 4006 occidi
2960 3977 2974 3994 ·

2297 4045 2356 4094 et
2383 4037 2548 4097 tertia
2575 4037 2666 4098 die
2693 4059 2856 4100 resur

2297 4149 2435 4207 gere
2453 4163 2470 4179 ·
2519 4129 2567 4168 ¹⁸
2579 4133 2656 4195 Et
2683 4135 2998 4198 adsumens

3401 264 3563 329 [XVI.
3585 276 3752 331 3—27.

3048 442 3184 483 eum
3212 436 3410 502 petrus
3435 446 3544 488 coe

3048 520 3134 595 pit
3161 519 3460 597 increpare
3488 522 3540 580 ei

3049 612 3249 672 dicens
3273 644 3288 660 ·
3330 615 3542 691 propiti

3049 724 3119 765 us
3147 716 3273 768 esto
3300 705 3418 767 dfie
3437 740 3452 755 ·
3497 726 3635 767 nam

3049 819 3172 860 non
3199 801 3384 860 eritibi
3412 802 3526 861 hoc
3547 834 3562 849 ·

3047 892 3092 927 ²⁸
3109 894 3190 954 At
3217 896 3341 971 ipse
3369 914 3688 956 conuersus

3048 988 3194 1047 dixit
3219 1000 3386 1065 petro
3406 1022 3420 1037 ·
3461 1008 3538 1048 ua

3050 1082 3122 1141 de
3152 1093 3286 1158 post
3313 1102 3410 1143 me
3429 1115 3444 1130 ·
3489 1094 3613 1143 sata

3049 1194 3156 1235 nas
3185 1177 3526 1236 scandalum
3555 1196 3620 1238 es

3049 1268 3222 1329 mihi·
3268 1273 3404 1348 quia
3431 1290 3552 1331 non

3047 1364 3205 1441 sapis
3233 1382 3347 1441 que
3375 1364 3436 1425 di
3463 1376 3599 1428 sunt
3621 1398 3636 1413 ·

3049 1458 3153 1516 sed
3182 1476 3330 1534 quae
3360 1459 3610 1518 hominis
3630 1491 3644 1507 ·

3049 1548 3092 1583 ⁸⁴
3113 1551 3285 1611 Tunc
3315 1552 3404 1611 ihs
3431 1548 3575 1613 dixit
3605 1554 3748 1613 disci

3048 1646 3202 1722 pulis
3229 1646 3348 1705 suis
3367 1678 3381 1693 ·
3427 1648 3476 1706 si
3505 1650 3633 1725 quis

3049 1739 3171 1798 uult
3199 1749 3335 1816 post
3363 1759 3458 1799 me
3486 1744 3624 1801 ueni

3049 1852 3145 1892 re·
3189 1835 3442 1911 abneget
3469 1854 3531 1895 se
3559 1838 3620 1914 ip

3050 1945 3182 1987 sum
3201 1958 3214 1975 ·
3259 1929 3402 1987 sibi·
3446 1938 3504 1989 et
3532 1930 3696 1989 tollat

3049 2040 3284 2081 crucem
3313 2040 3478 2081 suam
3507 2034 3565 2083 et
3591 2043 3654 2083 se

3050 2126 3258 2192 quatur
3285 2135 3382 2175 me
3401 2148 3414 2163 ·
3459 2118 3505 2151 ²⁸
3525 2118 3625 2194 qui
3653 2136 3688 2177 e

3049 2210 3171 2269 nim
3198 2210 3446 2269 uoluerit
3471 2211 3568 2269 ani

3049 2360 3210 2401 mam
3239 2360 3406 2403 suam
3435 2343 3660 2403 saluare

3049 2437 3253 2513 perdet
3279 2456 3412 2497 eam
3433 2468 3446 2484 ·
3490 2438 3590 2514 qui
3615 2456 3692 2498 au

3048 2540 3170 2590 tem
3197 2531 3508 2608 perdiderit

3051 2626 3308 2684 animam
3336 2645 3504 2686 suam
3534 2637 3676 2704 prop

3049 2729 3134 2778 ter
3161 2737 3258 2778 me
3286 2721 3545 2780 inueniet

3047 2830 3182 2873 eam
3203 2844 3217 2860 ·
3279 2811 3480 2892 ²¹⁶quid
3508 2815 3667 2875 enim

3048 2908 3304 2985 proderit
3331 2909 3554 2968 homini
3573 2941 3588 2956 ·

3051 3003 3099 3059 si
3126 3001 3281 3062 hunc
3311 3003 3599 3062 mundum

3048 3095 3297 3155 lucretur
3319 3128 3334 3143 ·
3375 3097 3618 3156 anima*

3051 3199 3247 3248 autem
3277 3208 3442 3249 suam
3472 3191 3617 3251 detri

3051 3294 3312 3344 mentum
3342 3287 3586 3362 patiatur
3609 3317 3710 3334 ·—

3051 3378 3132 3438 At
3159 3398 3336 3458 quam
3365 3380 3525 3441 dabit
3550 3381 3733 3442 homo

3051 3475 3569 3535 commutationem

3050 3569 3245 3627 anime
3274 3586 3415 3628 suae
3438 3601 3452 3617 ·
3516 3570 3718 3630 ”nam

3051 3663 3198 3721 filius
3224 3663 3480 3722 hominis

3048 3767 3282 3816 ueturus
3309 3768 3398 3817 est
3425 3759 3486 3817 in

3048 3851 3348 3911 maiestate
3375 3853 3555 3929 patris

3049 3945 3170 4005 sui·
3214 3964 3350 4005 cum
3379 3947 3602 4022 angelis

3048 4041 3165 4100 suis
3188 4071 3202 4090 ·
3247 4040 3324 4100 Et
3351 4051 3488 4100 tunc
3519 4040 3622 4100 red

3049 4135 3149 4197 det
3168 4135 3506 4216 unicuique

3780 429 3906 479 Pol.
3929 431 4034 481 43.
