4373 5048
684 228 773 299 54

385 405 511 455 rol.
534 382 661 458 28⁷2
683 390 983 453 habrahae
1008 392 1151 452 estis
1171 422 1187 439 ·
1246 392 1355 453 sed

683 486 958 565 quaeritis
986 505 1082 545 me
1112 486 1241 546 occi

684 582 822 641 dere
842 612 857 629 ·
918 582 1057 658 quia
1082 593 1269 640 sermo

682 692 852 734 meus
881 694 1001 734 non
1032 676 1188 752 capit
1215 676 1277 733 in

680 770 853 828 uobis
874 800 888 816 ·
931 769 975 803 ⁸⁸
993 769 1126 846 Ego
1154 770 1305 847 quod

680 864 806 922 uidi
832 864 990 940 apud
1016 874 1246 941 patrem

682 975 881 1016 meum
910 957 1023 1017 hoc
1052 958 1261 1035 loquor
1284 989 1299 1005 ·

679 1051 757 1111 Et
783 1070 892 1111 uos
918 1070 1063 1129 ergo
1092 1052 1252 1131 quod
1277 1053 1338 1111 ui

679 1146 845 1206 distis
926 1146 1083 1223 apud
1112 1151 1277 1223 patre

677 1250 936 1300 uestrum
964 1240 1131 1300 sactis
1150 1272 1167 1289 ·

590 1352 599 1367 ⁸
677 1318 723 1369 ⁵⁹
742 1334 1197 1412 Responderunt
1224 1334 1303 1395 ad

680 1448 817 1489 eum
847 1439 906 1488 et
931 1430 1203 1489 dixerunt
1221 1461 1235 1476 ·

678 1533 845 1603 pater
872 1534 1073 1583 noster
1099 1524 1179 1584 ha

678 1620 927 1679 braham
955 1628 1045 1677 est
1068 1649 1083 1665 ·
1149 1618 1291 1679 dicit

677 1714 763 1773 eis
784 1713 875 1773 ihs
957 1713 1007 1771 si
1028 1712 1107 1771 fili
1124 1711 1340 1773 habrae

677 1806 885 1866 essetis
964 1824 1149 1883 opera
1175 1805 1253 1865 ha

674 1900 858 1960 brahe
885 1899 1147 1959 faceretis
1167 1930 1183 1947 ·

676 1996 723 2029 ⁴⁰
740 2012 896 2054 nunc
926 2004 1122 2053 autem
1149 2012 1301 2071 quae

675 2090 799 2149 ritis
826 2107 921 2148 me
949 2088 1215 2150 occidere
1233 2120 1249 2137 ·

675 2182 979 2243 hominem
1006 2182 1107 2261 qui
1134 2200 1210 2242 ue

675 2644 905 2704 ritatem
932 2642 1162 2704 locutus

678 2758 811 2800 sum
838 2739 1010 2798 uobis
1038 2755 1217 2814 quam

676 2833 874 2893 audiui
902 2851 938 2891 a
967 2832 1045 2891 d6
1130 2829 1271 2890 Hoc

676 2927 998 2987 habraham
1026 2944 1148 2986 non

677 3021 818 3080 fecit
834 3051 849 3066 ·
909 3019 952 3053 ⁴¹
971 3038 1081 3079 uos
1110 3019 1299 3078 facitis

677 3133 858 3192 opera
886 3115 1062 3192 patris
1090 3131 1196 3172 ues

678 3209 750 3268 tri
770 3239 784 3255 ·
843 3207 1135 3268 Dixerunt
1164 3207 1218 3266 ei

677 3320 791 3362 nos
820 3299 894 3362 de
924 3301 1231 3360 fornicatio

675 3416 751 3458 ne
782 3415 903 3458 non
933 3413 1133 3456 sumus
1162 3394 1283 3455 nati
1302 3425 1317 3441 ·

676 3509 861 3552 unum
888 3500 1114 3570 patrem
1141 3491 1221 3550 ha

676 3587 885 3649 bemus
915 3585 1017 3645 din
1040 3617 1056 3631 ·
1118 3581 1163 3618 ⁴²
1176 3584 1341 3644 Dixit

676 3681 764 3739 eis
791 3680 881 3739 ihs
900 3713 915 3726 ·
987 3678 1036 3740 si
1064 3679 1134 3739 ds
1161 3689 1327 3756 pater

674 3784 871 3833 uester
897 3782 1051 3835 esset
1068 3805 1083 3819 ·
1143 3773 1241 3831 dili

678 3868 891 3944 geretis
917 3868 1117 3944 utique
1144 3885 1241 3926 me
1260 3897 1275 3913 ·

679 3960 816 4038 Ego
843 3961 1000 4020 enim
1029 3979 1065 4020 a
1092 3960 1172 4020 df>
1199 3959 1353 4019 exiui

678 4066 737 4115 et
764 4057 900 4115 ueni
923 4087 938 4102 ·
1001 4056 1142 4114 Non
1168 4056 1329 4114 enim

682 4171 721 4211 a
747 4169 844 4210 me
871 4152 1002 4228 ipso
1026 4151 1165 4210 ueni
1247 4149 1351 4210 sed

680 4245 773 4305 ille
802 4263 899 4305 me
927 4245 1084 4303 misit
1102 4276 1117 4291 ·
1173 4243 1217 4278 ⁴³
1237 4262 1353 4321 qua

681 4359 745 4400 re
772 4340 1087 4418 loquellam
1115 4350 1297 4400 mea-

679 4453 803 4495 non
832 4435 1187 4512 cognoscitis

1988 223 2362 287 SECUND
2385 254 2400 269 ·

1438 398 1582 471 qum
1608 411 1735 453 non
1762 396 2007 471 potestis

1438 488 1635 547 audire
1662 490 1897 547 uerbum
1924 495 2061 548 meu

1436 582 1482 615 ⁴⁴
1502 580 1629 641 Uos
1657 600 1732 642 ex
1758 595 1921 660 patre
1950 584 2126 643 diabo

1436 675 1498 735 lo
1527 678 1665 736 estis
1685 709 1699 725 ·
1757 688 1813 736 et
1843 678 2042 737 deside

1436 772 1520 828 ria
1549 772 1727 847 patris
1760 772 1939 831 uestri

1436 864 1611 923 uultis
1640 864 1829 925 facere
1849 896 1863 911 ·
1924 866 2017 926 ille

1437 958 1735 1019 homicida
1762 971 1883 1019 erat
1915 962 1991 1019 ab

1436 1052 1602 1112 initio
1684 1064 1741 1112 et
1766 1056 1828 1112 in
1855 1056 2036 1113 uerita

1436 1156 1495 1206 te
1524 1165 1649 1206 non
1676 1149 1831 1207 stetit
1912 1150 2051 1226 quia

1435 1242 1647 1301 ueritas
1675 1260 1798 1301 non
1826 1252 1915 1302 est
1942 1244 2001 1301 in

1433 1352 1571 1394 eum
1593 1367 1607 1383 ·
1668 1354 1805 1395 cum
1832 1336 1995 1414 loqui

1432 1438 1525 1487 tur
1552 1429 1927 1489 mendacium
1950 1463 1963 1478 ·

1432 1542 1509 1583 ex
1540 1524 1660 1583 suis
1688 1526 1941 1601 propriis
1968 1524 2028 1586 lo

1433 1618 1627 1694 quitur
1645 1649 1659 1667 ·
1723 1620 1861 1697 quia
1886 1636 2026 1677 men

1434 1713 1550 1772 dax
1578 1722 1667 1771 est
1693 1721 1751 1771 et
1779 1724 1944 1790 pater
1970 1713 2093 1772 eius
2118 1746 2131 1760 ·

1433 1806 1478 1839 ⁴⁵
1496 1806 1631 1883 Ego
1658 1812 1803 1884 qum
1830 1808 2133 1866 ueritatem

1433 1899 1569 1959 dico
1598 1918 1723 1960 non
1751 1901 1981 1960 creditis

1431 1994 1578 2054 mihi
1600 2026 1617 2043 ·
1674 1996 1865 2073 “quis
1893 2013 1965 2054 ex
1994 2012 2073 2055 uo

1431 2091 1522 2150 bis
1550 2099 1753 2167 arguet
1778 2105 1875 2149 me
1904 2088 1979 2148 de

1430 2195 1681 2265 peccato
1783 2183 1845 2243 Si
1871 2184 1995 2243 ueri

1430 2648 1611 2700 tatem
1639 2637 1774 2699 dico
1803 2655 1981 2715 quare

1431 2752 1541 2796 uos
1570 2752 1693 2794 non
1722 2733 1953 2792 creditis
1980 2731 2063 2790 mi

1432 2828 1526 2887 hi·
1552 2861 1565 2875 ·
1633 2828 1797 2906 ⁴''qui
1826 2845 1862 2885 a
1890 2827 1968 2886 d6
1998 2835 2086 2886 cst

1429 2924 1611 2983 uerba
1632 2922 1692 2981 di
1713 2921 1910 2981 audit·
1972 2930 2111 2998 prop

1430 3025 1587 3075 terea
1614 3034 1727 3075 uos
1756 3034 1877 3075 non
1906 3015 2044 3074 audi

1432 3111 1505 3170 tis
1533 3111 1671 3188 quia
1699 3128 1772 3169 ex
1798 3109 1877 3168 do
1906 3127 2030 3167 non

1431 3205 1569 3264 estis
1590 3235 1604 3251 ·
1665 3199 1710 3236 ⁴⁸
1732 3201 2050 3279 Responde

1431 3309 1566 3358 runt
1593 3315 1735 3374 ergo
1764 3297 1953 3355 iudaei

1432 3402 1491 3452 et
1517 3391 1786 3450 dixerunt
1814 3390 1889 3448 illi
1907 3421 1922 3436 ·

1431 3505 1556 3546 non
1582 3487 1734 3545 bene
1763 3485 2008 3544 dicimus

1431 3581 1570 3658 quia
1596 3579 1977 3638 samaritanus

1433 3693 1497 3734 es
1526 3683 1587 3732 tu
1616 3683 1674 3734 et
1703 3673 2018 3733 daemonii-1

1431 3768 1615 3828 habes
1639 3799 1653 3814 ·
1696 3769 1743 3802 ⁴⁹
1760 3765 2093 3844 Respondit

1431 3863 1519 3922 ihs
1547 3881 1661 3940 ego
1690 3862 2005 3922 daemoniii

1431 3976 1553 4018 non
1581 3957 1773 4017 habeo
1856 3955 1957 4015 sed
1987 3955 2067 4014 ho

1433 4050 1678 4110 norifico
1706 4062 1932 4129 patrem

1435 4163 1633 4205 meum
1652 4176 1666 4191 ·
1740 4156 1798 4203 et
1824 4162 1935 4204 uos
1964 4161 2095 4220 sper

1436 4241 1571 4299 nitis
1598 4257 1696 4297 me
1720 4269 1734 4284 ·
1778 4237 1974 4314 ¹⁵⁰Ego
2004 4242 2133 4296 aute

1432 4352 1559 4394 non
1586 4351 1805 4410 quaero
1822 4332 2057 4408 gloria-

1433 4447 1661 4490 meam·
1725 4437 1814 4487 est
1840 4426 1941 4504 qui
1967 4443 2081 4503 que

3241 232 3410 297 [vm.
3429 237 3631 300 37-1x.
3655 234 3704 287 6.

2247 406 2337 455 rat
2361 406 2421 455 et
2449 396 2665 455 iudicet
2683 424 2728 439 -
3000 406 3059 454 et
3085 394 3230 454 uidit
3255 404 3315 454 et
3339 396 3580 472 gauisus

2247 488 2494 549 ⁶¹Amen
2515 508 2689 550 amen
2712 489 2844 549 dico
2871 507 2952 549 uo
2999 498 3089 549 est
3107 520 3124 537 ·
3187 490 3234 524 ⁸⁷
3251 491 3523 550 dixerunt

2245 582 2338 641 bis
2357 614 2371 629 ·
2439 584 2487 641 si
2515 584 2646 660 quis
2674 585 2860 643 uerbii
3000 602 3148 659 ergo
3173 584 3364 643 iudaei
3395 584 3472 643 ad
3501 602 3640 644 eum

2245 696 2445 736 meum
2471 678 2788 737 seruauerit
2809 708 2822 725 ·
3000 678 3427 755 quinquaginta
3455 697 3534 737 an

2245 782 2494 829 mortem
2523 789 2645 830 non
2673 770 2808 830 uide
2999 788 3113 831 nos
3141 773 3410 831 nondum
3436 771 3620 831 habes

2245 865 2328 923 bit
2355 865 2416 922 in
2443 875 2745 924 aeternum
2767 896 2782 911 ·
2807 896 2820 911 ·
2999 876 3056 923 et
3083 865 3366 924 abraham
3391 866 3585 924 uidisti
3603 897 3618 913 ·

2243 954 2947 1035 ”Dixeruntergoiudaei-
2998 956 3215 1018 ”Dixit
3237 959 3346 1018 illis
3367 958 3457 1019 ihs
3524 978 3700 1020 amen

2243 1070 2402 1112 nunc
2431 1054 2822 1129 cognouimus
2998 1070 3174 1111 amen
3203 1053 3338 1112 dico
3365 1054 3540 1113 uobis

2244 1148 2380 1223 quia
2405 1146 2782 1206 daemonium
2809 1146 2887 1205 ha
2997 1156 3134 1204 ante
3161 1146 3443 1206 abraham
3471 1166 3588 1224 ego

2243 1242 2348 1301 bes
2368 1270 2382 1286 ·
2440 1240 2742 1299 Abraham
2995 1258 3128 1298 sum
3149 1271 3166 1287 ·
3227 1240 3274 1275 ⁸⁸
3291 1240 3560 1300 tullerunt
3587 1260 3652 1301 er

2242 1344 2502 1394 mortuus
2531 1344 2622 1393 est
2649 1344 2706 1393 et
2734 1343 2837 1410 pr⁰
2995 1351 3076 1411 go
3105 1334 3332 1411 lapides
3359 1335 3551 1395 iudaei
3577 1345 3644 1395 ut

2242 1427 2393 1487 setae
2415 1458 2432 1475 ·
2491 1437 2550 1487 et
2576 1438 2639 1486 tu
2667 1428 2816 1486 dicis
2998 1427 3280 1488 iactarent
3305 1429 3366 1487 in
3394 1429 3559 1488 illum
3581 1460 3596 1477 ·

2241 1521 2291 1579 si
2319 1522 2452 1599 quis
2479 1522 2726 1580 uerbum
2755 1538 2852 1581 me
2997 1519 3099 1579 Ihs
3127 1533 3326 1581 autem
3354 1523 3586 1583 abscon

2241 1632 2343 1673 um
2372 1616 2688 1675 seruauerit
2714 1626 2828 1673 non
2995 1614 3080 1673 dit
3109 1634 3175 1675 se
3199 1646 3213 1662 ·
3256 1625 3317 1676 et
3336 1618 3517 1676 exiuit
3543 1616 3619 1675 de
3639 1622 3700 1676 te

2239 1710 2495 1785 gustabit
2522 1718 2772 1768 mortem
2997 1708 3100 1786 plo
3123 1741 3137 1756 ·
3197 1711 3515 1769 transsiens
3542 1722 3640 1787 per

2239 1804 2300 1861 in
2330 1812 2630 1861 aeternum
2653 1833 2668 1849 ·
2711 1801 2927 1861 ”Num
2993 1802 3254 1863 medium
3281 1820 3488 1863 eorum
3507 1835 3521 1851 ·
3579 1804 3660 1863 Et

2238 1896 2380 1974 quid
2400 1906 2466 1955 tu
2489 1897 2678 1957 maior
2706 1916 2770 1956 es
2862 1910 2928 1961 de
2938 1926 3056 1961 oeco
3083 1922 3166 1950 w-
3190 1898 3312 1957 ibat
3340 1898 3422 1957 sic
3454 1924 3537 1952 os

2238 2001 2402 2070 patre
2429 2002 2632 2051 nostro
2659 1990 2843 2050 habra
2963 1990 3062 2051 *9.
3090 1984 3190 2050 1Εἴ
3211 1993 3567 2069 praeteriens
3589 2024 3604 2039 ·
3637 1993 3698 2051 ui

2238 2088 2379 2146 ham
2406 2087 2509 2164 qui
2535 2094 2798 2144 mortuus
2959 2084 3080 2145 *dit
3106 2085 3408 2145 hominem
3435 2092 3582 2146 cecil

2237 2192 2326 2243 est
2353 2192 2411 2241 et
2439 2180 2699 2258 profetae
2727 2196 2858 2240 mor
2957 2182 3030 2239 *a
3055 2180 3351 2240 natiuitate
3379 2198 3488 2240 sua

3025 2292 3142 2352 post
3195 2286 3500 2337 mediantem
3548 2292 3697 2353 pente

3025 2370 3163 2413 custe
3186 2364 3410 2429 sequenti
3425 2364 3696 2415 domeneca

3024 2452 3178 2504 lectio
3238 2453 3486 2519 euangelii
3544 2469 3692 2504 secon

3025 2531 3146 2581 dnm
3223 2532 3440 2583 iuhanne
3463 2531 3526 2582 de
3549 2547 3670 2582 ceco

2237 2611 2320 2672 tui
2349 2621 2484 2671 sunt
2551 2627 2729 2688 quem
2755 2620 2814 2669 te
2989 2621 3079 2683 'et
3105 2624 3614 2701 interrogauerunt

2238 2707 2430 2783 ipsum
2460 2705 2603 2765 facis
2626 2736 2641 2751 ·
2685 2702 2870 2762 “Res
2989 2735 3127 2776 eum
3157 2717 3424 2795 discipuli
3453 2718 3578 2776 eius

2238 2801 2444 2876 pondit
2471 2799 2561 2858 th
2645 2799 2692 2857 Si
2727 2817 2842 2875 ego
2988 2811 3253 2871 dicentes
3277 2843 3291 2858 .
3361 2811 3528 2870 rabbi

2236 2895 2702 2954 honorificauel'o
2988 2906 3120 2981 quis
3135 2905 3371 2982 pec-anit
3389 2935 3404 2950 0
3425 2905 3532 2964 hic
3546 2936 3560 2951 .
3593 2915 3694 2964 aut

2236 3007 2332 3047 me
2360 2989 2556 3067 ipsum
2638 2987 2830 3046 honor
2987 3011 3262 3076 parentes
3289 2999 3414 3058 eius
3441 3008 3505 3056 ut
3533 3017 3603 3058 ce

2235 3100 2402 3142 meus
2431 3082 2621 3141 nunus
2646 3091 2736 3140 est
2758 3112 2772 3127 ·
2797 3113 2812 3126 ·
2988 3112 3094 3152 cus
3121 3103 3458 3153 nasceretur
3479 3124 3494 3140 .

2235 3187 2323 3236 est
2350 3186 2514 3254 pater
2539 3193 2706 3235 meus
2733 3174 2835 3252 qui
2987 3186 3010 3219 ⁸
3029 3186 3365 3265 Respondit
3391 3185 3482 3245 ihs
3511 3192 3662 3264 neq‘·

2235 3271 2584 3331 honorificat
2612 3288 2708 3329 me
2727 3299 2744 3316 ·
2987 3281 3082 3340 hic
3110 3282 3382 3358 peccauit
3409 3285 3559 3358 neqS

2236 3384 2413 3443 quem
2441 3382 2552 3424 UOS
2579 3363 2771 3423 dicitis
2986 3387 3257 3453 parentes
3281 3376 3405 3434 eius
3425 3405 3439 3421 .
3499 3373 3604 3434 sed

2236 3461 2372 3536 quia
2400 3460 2469 3518 (Ῑέ
2495 3467 2686 3517 uester
2706 3466 2795 3516 est
2839 3487 2852 3502 ·
2877 3487 2893 3503 ·
2987 3481 3051 3529 ut
3079 3468 3549 3528 manifestaretur

2237 3553 2282 3585 ⁵⁸
2297 3562 2356 3612 et
2383 3569 2506 3611 non
2535 3551 2896 3627 cognouistis
2989 3582 3171 3641 opera
3194 3563 3252 3622 df
3275 3563 3336 3621 in
3355 3563 3454 3622 illo
3479 3594 3493 3609 .
3557 3563 3578 3595 ⁴
3596 3579 3695 3622 me

2235 3665 2371 3706 eum
2389 3677 2403 3693 ·
2463 3664 2580 3722 ego
2610 3654 2805 3704 autem
2835 3661 2917 3704 no
2988 3667 3222 3734 oportet
3248 3657 3480 3733 operari

2236 3741 2297 3800 ui
2323 3741 2486 3800 illum
2503 3773 2518 3786 -
2575 3739 2655 3798 Et
2683 3740 2731 3798 si
2761 3739 2896 3798 dixe
2989 3767 3172 3826 opera
3198 3749 3324 3809 eius
3351 3749 3452 3825 qui
3478 3766 3577 3808 me

2236 3853 2304 3894 ro
2327 3835 2466 3911 quia
2494 3851 2618 3893 non
2645 3833 2784 3893 noui
2813 3832 2911 3891 illu
2989 3845 3145 3903 misit
3223 3843 3418 3904 donec
3447 3842 3572 3902 dies

2237 3947 2338 3988 ero
2367 3927 2569 3986 similis
2597 3928 2766 3987 uobis
2989 3948 3078 3998 est
3099 3970 3114 3985 .
3177 3939 3373 3997 ueniet
3401 3955 3526 3996 nox

2237 4021 2493 4080 mendax
2512 4054 2525 4067 ·
2574 4020 2690 4079 Sed
2719 4019 2856 4079 noui
2991 4033 3231 4110 quando
3258 4049 3438 4092 nemo
3466 4049 3550 4109 po

2240 4135 2376 4176 eum
2405 4126 2463 4174 et
2490 4116 2737 4175 uerbum
2765 4114 2891 4172 eius
2989 4137 3102 4187 test
3130 4126 3361 4204 operari
3385 4157 3399 4171 .
3457 4125 3652 4184 ⁶Cum

2240 4210 2506 4271 custodio
2528 4240 2544 4255 ·
2589 4207 2940 4266 “Abraha'
2989 4222 3052 4280 in
3080 4221 3194 4281 hoc
3222 4218 3448 4279 mundo
3477 4237 3609 4277 gum
3633 4249 3649 4264 .

2238 4315 2402 4382 pater
2428 4313 2623 4363 uester
2651 4301 2848 4360 exulta
2990 4315 3090 4374 1111
3119 4333 3248 4374 sum
3276 4313 3444 4372 huius
3471 4329 3615 4370 mun

2239 4401 2322 4458 uit
2341 4407 2403 4457 ut
2422 4398 2645 4457 uideret
2667 4395 2761 4455 die
2784 4400 2920 4453 mesi
2993 4411 3054 4470 di
3074 4441 3087 4456 .
3108 4410 3130 4442 ⁶
3159 4407 3326 4467 Haec
3357 4423 3494 4466 cum
3523 4405 3676 4464 dixis

3727 399 3856 447 1¹01.
3875 400 4022 450 28⁸.
