4373 5048
791 370 922 443 134

481 535 608 586 ποι.
628 538 756 588 198.
783 527 1028 587 iuuenes
1052 556 1068 574 ·
1151 524 1198 559 θ’
1213 524 1294 585 At
1321 522 1416 585 ille

780 622 984 681 relicto
1015 618 1262 680 sindone

779 714 1038 793 profugit
1065 716 1142 773 ab
1169 714 1255 772 eis

779 811 977 868 nudus
1001 840 1015 856 ·
1099 807 1144 842 ⁸⁸
1163 807 1242 866 Et
1268 804 1347 866 ad

778 904 1067 963 duxerunt
1093 902 1216 961 ihm

776 996 854 1058 ad
881 997 1208 1074 principem
1235 1012 1303 1055 sa

776 1092 1082 1152 cerdotum
1101 1121 1116 1137 ·
1199 1089 1278 1149 Et

775 1194 1176 1245 conuenerunt

776 1296 987 1339 omnes
1014 1276 1259 1337 sacerdo

775 1383 865 1433 tes
932 1382 992 1431 et
1019 1372 1242 1431 scribae

775 1477 836 1526 et
862 1466 1120 1527 seniores
1201 1464 1248 1499 ⁵⁴
1268 1464 1348 1523 Et

774 1570 972 1639 petrus
1000 1578 1037 1619 a
1062 1560 1242 1636 longe

773 1655 1126 1733 sequebatur
1157 1659 1234 1713 eil

2169 350 2377 415 SEC·
2402 388 2419 403 ·

1532 523 1822 583 dicentem
1889 524 2024 601 Ego

1534 618 1764 677 soluam
1793 618 1910 679 hoc
1940 630 2058 677 tem

1531 712 1695 787 plum
1723 729 1903 771 manu
1932 710 2089 771 factii

1530 802 1610 864 Et
1637 816 1772 883 post
1801 804 2056 864 triduum

1530 897 1690 959 aliud
1715 899 2038 959 aedificabo

1531 1010 1655 1053 non
1683 994 1956 1054 manibus
1982 993 2074 1054 fac

1529 1098 1681 1147 tum·
1703 1120 1716 1135 ·
1741 1088 1870 1147 ³⁹Et
1892 1106 2002 1148 nec
2026 1088 2102 1147 si⁰
2118 1098 2234 1149 erflt

1530 1183 1894 1243 conueniens
1921 1182 2055 1241 testi

1527 1277 1798 1335 monium
1825 1277 2056 1336 illorum
2078 1308 2093 1324 ·

1527 1368 1573 1403 ⁰⁰
1588 1369 1664 1429 Et
1692 1388 2010 1447 exsurgens
2037 1370 2170 1447 prin

1528 1482 1669 1541 ceps
1697 1464 2071 1524 sacerdotum

1529 1558 1589 1615 in
1619 1557 1880 1617 medium
1907 1558 2118 1617 interro

1527 1653 1704 1729 gabat
1731 1652 1852 1710 ihm
1882 1652 2084 1713 dicens

2346 541 2510 583 reum
2539 541 2668 583 esse
2695 524 2901 583 mortis
2923 554 2940 569 ·

2342 616 2387 650 ⁸⁵
2404 616 2480 676 Et
2507 626 2827 695 coeperunt
2854 617 2956 695 qui

2341 711 2479 771 dam
2506 730 2830 789 conspuere

2340 824 2479 865 eum
2507 816 2566 865 et
2592 808 2817 884 operire

2339 898 2551 959 faciem
2578 901 2707 960 eius
2775 908 2834 959 et
2862 917 2937 960 co

2336 992 2527 1070 laphis
2554 1012 2731 1071 agere

2336 1106 2476 1147 eum
2495 1120 2509 1135 ·
2594 1088 2672 1146 Et
2700 1088 2892 1149 dicere
2918 1088 2974 1148 ei

2336 1181 2619 1259 profetiza
2638 1214 2651 1229 ·
2736 1181 2815 1241 Et
2842 1183 2925 1241 mi

2335 1274 2497 1334 nistri
2523 1294 2659 1334 curn
2685 1276 2829 1335 uolfl

2334 1378 2451 1429 tate
2480 1370 2660 1446 alapis
2688 1370 2834 1430 cede

2334 1462 2477 1521 bant
2504 1481 2643 1521 eum
2665 1494 2679 1510 ·
2764 1464 2808 1497 ⁸⁶
2828 1464 2907 1523 Et
2934 1470 3011 1524 cii

2332 1565 2492 1616 esset
2519 1566 2719 1635 petrus
2748 1558 2809 1615 in
2838 1577 2875 1617 a

2332 1650 2442 1710 trio
2470 1652 2630 1710 uenit
2656 1651 2731 1711 ad
2759 1658 2835 1711 eu

3314 360 3478 427 [XIV.
3504 366 3725 429 ,qr—xv,
3746 378 3797 429 5.

3090 524 3287 601 coepit
3314 523 3591 584 deuotare

3090 625 3148 676 et
3176 618 3365 677 dicere
3394 618 3533 696 quia
3558 636 3635 677 ne

3090 712 3215 771 scio
3244 712 3545 772 hominem
3574 712 3687 771 istu

3091 824 3268 883 quem
3296 806 3509 866 dicitis·
3566 806 3679 867 ’ἐι
3700 816 3791 867 sta

3087 900 3193 958 tim
3222 900 3431 958 iterum
3458 900 3645 977 gallus

3086 995 3346 1053 cantauit
3365 1024 3379 1040 ·
3405 1026 3419 1041 ·
3504 1004 3646 1055 tunc

3086 1098 3582 1148 commemoratus

3087 1191 3175 1241 est
3202 1192 3401 1258 petrus
3468 1184 3653 1241 uerbu

3087 1274 3249 1351 quod
3278 1274 3499 1335 dixerat
3527 1276 3580 1334 ei
3610 1276 3699 1335 ihs

3087 1370 3227 1445 quia
3252 1368 3595 1445 priusquam

3085 1462 3275 1538 gallus
3303 1472 3497 1521 cantet
3525 1473 3610 1523 ter

3087 1573 3183 1615 me
3210 1557 3455 1633 negabis
3473 1588 3488 1603 ·
3573 1568 3631 1619 et
3659 1576 3765 1619 coe

3085 1651 3170 1727 pit
3197 1650 3335 1709 flere
3362 1677 3443 1705 ψ,
3480 1677 3561 1705 ψ.

3814 526 3943 575 Ful.
3964 528 4101 577 199.

1529 1763 1652 1804 non
1681 1744 1990 1823 respondis
2017 1744 2096 1805 ad
2331 1762 2453 1805 una
2479 1764 2553 1804 ex
2582 1746 2805 1805 ancillis
2833 1748 2964 1823 prin
3037 1744 3070 1782 *
3088 1744 3784 1806 15.¹Etconfestimmane

1525 1856 1597 1898 ea
1627 1858 1778 1917 quae
1807 1840 1911 1899 tibi
1940 1840 2180 1900 obiciun
2332 1838 2475 1915 cipis
2504 1839 2870 1901 sacerdotum
2894 1872 2909 1889 ·
3037 1838 3070 1876 *
3091 1840 3402 1899 consilium
3430 1841 3689 1900 fecerunt

1525 1942 1620 1992 tur
1647 1935 1721 1992 ab
1749 1933 1842 1993 his
1866 1965 1881 1980 ·
1965 1934 2006 1968 ⁸¹
2027 1934 2122 1993 ille
2151 1953 2227 1993 au
2331 1932 2374 1965 ⁸⁷
2391 1932 2467 1991 Et
2496 1951 2633 1991 cum
2660 1934 2901 1995 uidisset
2927 1954 3003 2013 pe
3034 1933 3067 1969 *
3088 1933 3377 2009 principes
3404 1952 3571 1994 sacer

1528 2036 1647 2086 tem
1686 2038 1886 2088 tacens
1914 2028 2057 2087 nihil
2330 2036 2484 2085 trum
2512 2027 2830 2087 calefacien
3085 2026 3291 2085 dotum
3360 2046 3496 2087 cum
3524 2029 3686 2088 senio

1527 2122 1830 2198 respondit
1895 2133 1954 2181 et
1981 2122 2120 2182 dicit
2332 2132 2451 2181 tem
2480 2140 2543 2181 se
2626 2124 2915 2199 aspiciens
3083 2122 3243 2181 ribus
3269 2131 3326 2180 et
3354 2123 3558 2183 scribis
3764 2194 3767 2197 ⁴

1526 2216 1580 2274 ei
1611 2217 1881 2293 princeps
1911 2233 2078 2276 sacer
2332 2216 2409 2275 ait
2436 2216 2517 2274 illi
2537 2248 2551 2263 ·
2635 2226 2694 2276 et
2723 2227 2785 2275 tu
2813 2234 2952 2276 cum
3086 2225 3143 2274 et
3170 2217 3444 2276 uniuerso
3473 2216 3725 2277 concilio

775 1767 964 1827 usque
986 1749 1142 1807 intus
1169 1747 1232 1805 in

773 1843 982 1903 atrium
1009 1841 1195 1918 princi

772 1938 866 2014 pis
895 1935 1250 1995 sacerdotu-

774 2029 852 2089 Et
880 2039 1003 2089 erat
1031 2027 1242 2087 sedens
1269 2026 1319 2085 si

773 2124 898 2181 mul
925 2139 1064 2182 cum
1091 2121 1266 2179 minis

774 2217 876 2277 tris
905 2214 1255 2278 calefaciens

2330 2348 2432 2406 ihu
2460 2364 2757 2407 nazoreno
2783 2366 2913 2409 eras
3084 2346 3163 2405 Et
3188 2348 3451 2407 uinctum
3478 2347 3602 2407 ihm
3629 2348 3749 2407 dux

2331 2442 2373 2475 ⁶⁸
2396 2450 2455 2501 at
2482 2441 2575 2500 ille
2605 2443 2843 2519 negauit
2872 2443 2931 2503 di
3084 2450 3253 2501 erunt
3280 2441 3340 2499 in
3369 2443 3582 2500 atrium

2334 2555 2473 2596 cens
2556 2555 2749 2614 neque
2780 2538 2903 2597 scio
3084 2546 3143 2595 et
3170 2536 3525 2596 tradiderunt
3551 2538 3613 2614 pi

2332 2649 2527 2708 neque
2548 2631 2689 2690 noui
2712 2631 2855 2709 quid
2873 2633 3033 2693 dicas
3083 2629 3201 2688 lato
3225 2662 3239 2677 ·
3324 2630 3440 2689 ’Et
3466 2633 3679 2690 interro

2331 2723 2408 2782 Et
2437 2725 2573 2784 exiit
2602 2723 2753 2785 foras
2780 2735 2915 2786 ante
3082 2725 3243 2798 gauit
3272 2743 3407 2784 eum
3434 2725 3647 2802 pilatus

2330 2818 2541 2877 atrium
2568 2828 2625 2878 et
2652 2819 2842 2895 gallus
3084 2816 3182 2876 Tu
3209 2836 3272 2878 es
3298 2837 3401 2878 rex
3430 2819 3603 2879 iudeo

2330 2912 2589 2972 cantauit
2611 2943 2626 2958 ·
2713 2913 2757 2946 ⁶⁹
2775 2913 2983 2972 iterum
3080 2930 3211 2970 rum
3235 2943 3249 2958 ·
3334 2921 3394 2970 at
3420 2911 3515 2972 ille

774 2367 837 2409 se
865 2347 940 2407 ad
967 2348 1166 2424 ignem
1189 2377 1204 2393 ·
1264 2344 1310 2378 ⁰⁶
1327 2345 1458 2423 prin
1527 2346 1732 2405 dotum
1755 2377 1770 2393 ·
1855 2356 1918 2407 tu
1949 2365 2013 2407 es
2041 2352 2153 2424 xps

773 2443 934 2520 cipes
967 2450 1164 2501 autem
1193 2458 1360 2499 sacer
1527 2440 1678 2499 filius
1706 2441 1995 2501 benedicti
2013 2472 2028 2487 ·

772 2537 979 2596 dotum
1047 2545 1106 2595 et
1132 2536 1338 2594 uniuer
1526 2533 1570 2570 ⁸²
1586 2535 1688 2594 Ihs
1715 2547 1912 2595 autem
1939 2553 2154 2613 respon

773 2648 905 2690 sum
933 2629 1248 2689 concilium
1277 2661 1291 2676 ·
1335 2646 1450 2705 que
1524 2629 1670 2689 dens
1699 2629 1843 2690 dixit
1869 2630 1948 2688 illi
2027 2648 2144 2706 ego

771 2724 978 2783 rebant
1003 2723 1288 2783 aduersus
1317 2721 1440 2780 ihm
1526 2741 1657 2784 sum
1681 2755 1696 2770 ·
1779 2723 1858 2784 Et
1885 2725 2156 2784 uidebitis

771 2817 1172 2877 testimonium
1195 2847 1210 2863 ·
1294 2826 1360 2874 ut
1526 2817 1706 2876 filium
1733 2817 1986 2876 hominis
2015 2818 2090 2877 ad

771 2928 912 2970 eum
938 2911 1110 2970 morti
1137 2910 1297 2970 trade
1527 2911 1791 2972 dextram
1819 2910 2057 2972 sedente

772 3015 904 3064 rent
985 3013 1043 3065 et
1071 3021 1193 3064 non
1221 3003 1356 3062 inue
1525 3005 1752 3064 uirtutis
1782 3035 1798 3052 ·
1881 3015 1940 3064 et
1965 3006 2181 3065 uenien
2329 3014 2523 3066 autem
2553 3024 2691 3065 cum
2717 3007 2867 3066 uidis
3080 3005 3457 3083 respondens.
3472 3007 3553 3064 ait

773 3102 1012 3160 niebant
1031 3131 1044 3146 ·
1067 3131 1080 3146 ·
1165 3098 1210 3132 ⁸⁰
1226 3097 1393 3156 multi
1528 3110 1646 3158 tem
1675 3117 1814 3158 cum
1841 3100 2095 3158 nubibus
2330 3107 2417 3157 set
2444 3116 2581 3158 eum
2608 3101 2817 3160 ancilla
2835 3131 2850 3147 ·
3081 3109 3144 3159 tu
3174 3099 3319 3159 dicis
3336 3133 3351 3148 ·
3433 3100 3455 3133 ⁸
3472 3100 3550 3159 Et
3579 3119 3723 3160 accu

775 3206 972 3254 autem
999 3193 1210 3252 falsum
1237 3191 1366 3251 testi
1527 3192 1668 3252 caeli
1690 3225 1705 3238 -
1777 3193 1819 3226 ⁸³
1835 3193 2042 3252 Adhac
2073 3193 2205 3270 prin
2328 3193 2522 3269 coepit
2550 3193 2739 3253 dicere
2767 3194 2926 3254 circu
3080 3196 3287 3253 sabant
3314 3213 3452 3255 eum
3482 3195 3612 3272 prin

773 3289 1040 3348 monium
1067 3287 1337 3344 dicebant
1527 3303 1668 3362 ceps
1695 3285 2061 3345 sacerdotum
2331 3287 2613 3347 stantibus
2694 3289 2833 3365 quia
2860 3289 2955 3348 hic
3082 3288 3245 3366 cipes
3273 3290 3581 3348 sacerdotfi

774 3382 1052 3441 aduersus
1081 3397 1218 3440 eum
1236 3407 1252 3424 ·
1528 3379 1696 3438 scidit
1723 3380 2070 3439 uestimenta
2332 3399 2405 3441 ex
2436 3381 2542 3441 illis
2570 3391 2659 3442 est
2682 3413 2697 3428 ·
2766 3382 2814 3416 ⁷⁰
2829 3393 2890 3442 at
2916 3382 3009 3442 ille
3082 3382 3264 3440 multa
3282 3413 3297 3428 ·
3380 3381 3404 3415 ‘
3425 3383 3637 3459 pilatus

773 3473 1206 3536 Conuenientia
1233 3475 1365 3530 aute
1528 3472 1675 3530 sibi·
1757 3482 1815 3531 et
1842 3473 1919 3531 ait
1945 3473 2086 3550 quid
2115 3473 2191 3534 ad
2328 3493 2527 3534 rursus
2556 3476 2795 3552 negauit
2812 3507 2827 3522 ·
3080 3486 3277 3535 autem
3303 3477 3519 3537 interro

773 3569 1108 3629 testimonia
1135 3583 1258 3626 non
1284 3573 1408 3624 erat
1527 3563 1644 3624 huc
1672 3564 2070 3626 desideramus
2328 3568 2407 3628 Et
2430 3579 2563 3646 post
2590 3570 2863 3646 pusillum
2890 3571 3033 3631 itera
3081 3571 3244 3647 gauit
3270 3589 3409 3628 eum
3434 3571 3579 3630 iterfi

773 3664 819 3698 ⁶⁷
836 3663 917 3722 Et
945 3661 1040 3722 alii
1069 3669 1373 3737 surgentes
1526 3667 1699 3718 testes
1722 3690 1737 3706 ·
1823 3659 1866 3692 ⁶⁴
1882 3660 2122 3720 audistis
2328 3671 2392 3722 to
2475 3664 2577 3740 qui
2606 3664 2839 3724 stabant
2868 3664 3001 3724 dixe
3082 3663 3283 3724 dicens
3365 3683 3489 3724 non
3517 3684 3610 3726 res

772 3757 986 3818 falsum
1014 3753 1350 3815 testimonifl
1525 3752 1888 3812 blasfemiam
1915 3755 2040 3814 eius
2059 3787 2074 3802 ·
2328 3768 2465 3816 runt
2493 3767 2656 3835 petro
2739 3777 2872 3818 uere
2898 3778 2973 3818 ex
3081 3759 3295 3834 pondis
3322 3759 3649 3836 quidqua-·

775 3853 1047 3912 dicebant
1075 3849 1352 3908 aduersus
1527 3846 1688 3919 Quid
1715 3848 1887 3908 uobis
1916 3850 2143 3910 uidetur
2164 3882 2179 3897 ·

773 3965 913 4007 eum
940 3945 1198 4005 dicentes
1219 3972 1235 3989 ·
1277 3939 1474 4018 ⁶⁸qu
1525 3940 1604 4000 Et
1631 3960 1840 4002 omnes
1867 3944 2122 4005 condem

773 4059 885 4102 nos
911 4038 1242 4101 audiuimus
1269 4045 1392 4096 eu*
1523 4047 1808 4097 nauerunt
1839 4055 1980 4098 eum

2329 3852 2438 3910 illis
2467 3871 2531 3912 es
2613 3870 2753 3912 nam
2778 3863 2835 3913 et
2862 3853 3029 3930 galile
3080 3851 3263 3911 Uides
3293 3865 3511 3931 quanta
3538 3863 3595 3913 te
3622 3873 3693 3915 ac

2328 3964 2398 4004 us
2426 3965 2491 4006 es
2566 3956 2626 4006 et
2651 3946 2903 4025 loquella
2930 3958 3032 4008 tua
3082 3958 3320 4006 cussant
3342 3980 3355 3994 ·
3442 3948 3465 3981 ⁶
3484 3947 3586 4008 Ihs
3615 3968 3691 4008 au

2328 4040 2529 4101 similis
2557 4051 2643 4102 est
2666 4066 2681 4082 ·
2722 4042 2764 4076 ⁷¹
2782 4041 2875 4101 ille
2894 4051 2997 4104 aut
3084 4051 3205 4101 tem
3230 4041 3371 4102 nihil
3396 4043 3645 4121 amplius
