4373 5048
264 588 400 641 rol.
417 591 540 640 155.

588 417 782 469 xxm.
809 411 998 481 7-23·]

588 590 676 641 est
696 614 710 629 ·
775 582 933 641 misit
961 580 1124 640 illum

588 676 665 735 ad
691 675 971 735 herodem
995 707 1010 723 ·
1073 674 1173 750 qui

587 771 650 830 in
678 770 1088 846 hierosolymis

589 874 708 925 erat
727 865 788 922 in
807 863 896 921 ilis
919 863 1124 922 diebus
1143 890 1190 905 -

587 958 610 991 ⁸
628 957 902 1017 Herodes
931 966 1126 1015 autem
1154 955 1215 1012 ui

591 1070 658 1112 so
685 1051 784 1110 ihu
812 1050 1075 1127 gauisssus
1103 1058 1192 1107 est

591 1144 759 1203 ualde
780 1176 795 1190 ·
864 1152 986 1203 erat
1011 1150 1109 1202 eni

591 1239 834 1317 cupiens
861 1237 1022 1297 illum
1049 1237 1108 1294 ui

595 1331 730 1391 dere
760 1349 834 1390 ex
863 1331 1048 1389 multo
1077 1338 1196 1388 tem

594 1444 736 1505 pore
795 1444 870 1486 eo
897 1424 1056 1502 quod
1085 1423 1254 1483 audie

595 1530 684 1578 ret
709 1519 891 1578 multa
919 1518 992 1577 de
1019 1518 1117 1578 illo
1140 1547 1155 1564 ·

597 1612 674 1671 Et
703 1613 972 1690 sperabat
1001 1612 1172 1687 signu

599 1706 836 1785 aliquod
865 1707 1060 1765 uidere
1090 1707 1167 1764 ab

598 1818 672 1861 eo
701 1800 825 1859 fieri
845 1832 860 1847 ·
904 1801 927 1834 ⁹
944 1799 1174 1859 Interro

598 1895 776 1971 gabat
803 1912 938 1953 eum
965 1893 1159 1951 multis

600 1988 966 2047 sermonibus
990 2018 1005 2034 ·
1069 1988 1148 2046 At

599 2084 722 2159 ipse
752 2082 894 2141 nihil
921 2099 1135 2159 respon

600 2176 778 2236 debat
801 2207 816 2223 ·
859 2175 904 2209 ¹⁰
925 2175 1170 2235 Stabant

599 2271 776 2331 etiam
806 2270 1100 2347 principes

601 2365 974 2425 sacerdotum
1002 2372 1060 2423 et

602 2460 790 2519 scribe
818 2461 1157 2519 constanter

603 2599 946 2651 accusantes
974 2608 1110 2651 eum

545 2733 552 2739 .
603 2682 646 2719 ²¹
666 2685 896 2763 Spreuit
921 2694 1115 2744 autem
1144 2682 1183 2742 il

603 2779 726 2838 lum
754 2778 999 2839 herodes
1028 2786 1103 2838 cii

605 2873 859 2932 exercito
894 2891 1003 2933 suo
1021 2904 1036 2920 ·
1079 2882 1138 2934 et

605 2967 799 3026 inlusit
823 2998 837 3013 ·
882 2977 940 3026 et
970 2967 1114 3026 indu

607 3070 731 3120 tum
759 3059 922 3119 illum
955 3070 1116 3120 ueste

609 3155 740 3213 alba
801 3154 1021 3213 remisit
1046 3155 1146 3214 illu

610 3248 685 3307 ad
719 3248 964 3324 pilatum
985 3279 999 3294 ·

611 3338 658 3374 ¹⁹
675 3343 849 3402 Tunc
877 3343 1048 3401 amici
1074 3341 1211 3401 facti

612 3447 748 3496 sunt
776 3435 1026 3496 herodes
1054 3448 1112 3496 et

612 3530 820 3607 pilatus
849 3531 978 3607 ipsa
993 3531 1084 3589 die
1110 3561 1126 3578 ·

613 3622 771 3682 Nam
798 3633 932 3684 ante
960 3623 1177 3684 inimici

612 3716 843 3776 fuerunt
873 3718 949 3777 ad
977 3720 1167 3778 inuice
1193 3751 1208 3766 ·

614 3809 658 3844 ²⁸
676 3811 896 3872 Pilatus
925 3823 1120 3873 autem
1148 3831 1264 3873 con

615 3907 838 3966 uocatis
866 3907 1053 3983 princi

615 4019 720 4078 pes
748 4001 1052 4060 sacerdotii

616 4105 673 4154 et
701 4094 1130 4170 magistratibus

617 4185 660 4221 ¹⁴
677 4188 818 4246 dixit
845 4188 922 4246 ad
951 4187 1078 4248 illos
1104 4206 1186 4266 op

616 4281 822 4341 tulistis
849 4282 994 4340 mihi
1021 4281 1178 4342 hunc

616 4374 918 4434 hominem
943 4405 960 4422 ·
1019 4376 1186 4452 quasi

618 4472 913 4530 auerterit&
941 4471 1166 4546 populu

1915 396 2275 459 LUCAN-

1335 576 1414 637 Et
1439 594 1580 638 ecce
1609 595 1723 654 ego
1753 592 1954 635 coram

1335 674 1506 733 uobis
1535 672 1751 732 interro

1337 784 1485 845 gans
1513 766 1732 824 nullam
1761 783 1872 825 cau

1339 878 1468 921 sam
1495 860 1732 919 inuenio
1763 860 1825 917 in

1339 952 1454 1013 hoc
1483 953 1718 1013 homine
1745 953 1840 1011 Ex

1342 1049 1391 1108 is
1419 1049 1629 1124 quibus
1663 1065 1798 1106 eum
1827 1063 1898 1106 ac

1344 1142 1556 1201 cusatis
1618 1139 1663 1174 ¹⁶
1681 1141 1786 1201 sed
1815 1158 1890 1201 ne

1344 1254 1459 1314 que
1488 1235 1736 1295 herodes

1346 1340 1472 1389 nam
1499 1330 1630 1389 misi
1656 1346 1765 1387 uos
1793 1328 1866 1387 ad
1899 1328 1934 1386 il

1346 1423 1468 1481 lum
1530 1434 1588 1483 et
1615 1440 1751 1483 ecce
1780 1422 1922 1480 nihil

1345 1517 1588 1593 dignum
1616 1524 1802 1576 morte

1346 1621 1542 1670 actum
1569 1621 1656 1669 est
1672 1608 1810 1669 illi-

1347 1703 1393 1739 ²⁶
1412 1705 1762 1764 Emendabo
1791 1714 1988 1763 autem

1348 1799 1509 1859 illum
1535 1809 1593 1859 et
1619 1799 1903 1858 dimitta—

1350 1892 1394 1927 ²⁷
1413 1892 1835 1952 Necessitatem
1863 1896 1996 1952 aute

1351 1985 1606 2046 habebat
1632 2004 1740 2063 per
1766 1987 1862 2046 die

1350 2080 1562 2140 festum
1585 2081 1805 2139 dimitte

1354 2193 1416 2234 re
1439 2174 1544 2233 illis
1570 2193 1754 2234 unum
1781 2175 1916 2233 uinc

1355 2278 1481 2328 tum
1500 2300 1515 2315 ·
1560 2268 1602 2302 ²⁸
1618 2269 1904 2328 Exclama

1355 2362 1440 2421 uit
1465 2373 1662 2422 autem
1695 2362 1864 2423 simul

1355 2458 1624 2516 uniuersa
1645 2458 1813 2517 turba

1355 2589 1558 2650 dicens
1583 2621 1598 2636 ·
1656 2589 1794 2649 tolle
1816 2589 1973 2650 hunc

1353 2694 1412 2743 et
1440 2684 1660 2743 dimitte
1689 2685 1860 2742 nobis
1893 2685 2000 2742 bar

1356 2778 1550 2837 abban
1574 2808 1588 2825 ·
1631 2777 1676 2811 ¹⁹
1693 2779 1792 2854 qui
1819 2787 1939 2838 erat

1355 2881 1595 2950 propter
1623 2872 1902 2932 seditione

1356 2966 1654 3042 quandam
1688 2966 1900 3025 factam

1359 3061 1420 3118 in
1449 3060 1676 3119 ciuitate
1745 3069 1804 3120 et
1830 3059 1991 3120 homi

1361 3153 1577 3212 cidium
1636 3155 1848 3214 missus
1877 3156 1936 3212 in

1361 3265 1594 3308 carcere
1617 3281 1630 3294 ·
1660 3280 1672 3295 ·
1699 3281 1714 3296 ·
1757 3245 1803 3280 '⁰
1821 3248 2022 3308 Iteru-

1361 3351 1558 3400 autem
1585 3341 1792 3418 pilatus
1817 3343 1952 3402 locu

1363 3444 1456 3494 tus
1486 3447 1576 3496 est
1603 3436 1678 3494 ad
1707 3437 1837 3496 illos
1900 3454 1981 3495 uo

1363 3528 1490 3589 lens
1521 3530 1802 3590 dimittere
1832 3531 1954 3589 ihm
1977 3562 1991 3577 ·

1363 3620 1486 3682 ²¹At
1507 3624 1584 3682 illi
1606 3624 2046 3684 subclamabant

1364 3717 1619 3778 dicentes
1677 3718 1965 3795 crucefige

1362 3811 1654 3888 crucefige
1682 3811 1844 3870 illum
1865 3844 1880 3858 ·
1899 3845 1944 3858 -·

1361 3903 1408 3936 ²²
1426 3905 1529 3964 Ille
1548 3916 1742 3965 autem
1761 3907 1928 3966 tertio
1949 3906 2047 3965 dix

1363 4000 1406 4058 it
1433 4000 1508 4059 ad
1537 4000 1664 4060 illos
1722 4000 1862 4076 quid
1889 4007 1984 4059 eni

1365 4093 1518 4154 male
1544 4094 1680 4153 fecit
1707 4096 1812 4154 iste
1875 4095 1975 4154 nul

1365 4187 1484 4247 lam
1511 4188 1668 4246 enim
1696 4207 1937 4248 causam

1369 4283 1569 4342 mortis
1598 4283 1832 4340 inuenio
1856 4284 1916 4341 in
1936 4301 2010 4344 eo
2029 4315 2042 4330 ·

1369 4375 1696 4452 Corripiam
1723 4394 1864 4453 ergo
1890 4377 1988 4437 illii

1378 4481 1436 4531 et
1465 4471 1745 4530 dimittam
1766 4503 1778 4518 ·
1803 4504 1815 4518 ·
1834 4467 1962 4530 ²³At
1975 4473 2050 4531 illi

3484 404 3608 471 ¹09
