4373 5048
989 514 1236 576 RELA
1252 514 1353 575 TI
1351 513 1476 575 ΟΝ
1521 514 1643 575 OF
1664 534 1710 598 q
1747 513 1859 575 To
1909 515 2223 577 OTHER
2274 515 2602 577 OLD-LA
2619 515 2793 579 TIN
2836 515 3019 578 TEX
3031 515 3149 578 TS.
3280 513 3513 580 xxxix

798 689 1042 750 Selected
1060 688 1324 764 readings
1339 687 1463 746 and
1483 688 1812 764 renderings
1834 688 1895 747 in
1911 686 2100 748 which
2203 686 2448 748 Selected
2467 688 2733 765 readings
2750 689 2873 748 and
2891 645 3225 765 rendering-r
3244 689 3307 747 in
3320 687 3513 748 which

1044 782 1075 841 s
1093 801 1136 861 q
1162 782 1332 862 deffer
1333 783 1507 862 from
1534 783 1666 842 each
1694 784 1866 843 other.
2447 786 2478 845 s
2537 805 2580 864 q
2632 806 2735 845 are
2800 787 3009 862 agreed
3069 789 3304 864 agaim!
3357 786 3514 846 otker

798 879 960 960 John
987 881 1064 940 iii.
2447 883 2755 962 European
2775 890 2943 945 texts·

845 999 938 1040 πο.
978 979 1416 1040 manifestentur
1440 1001 1468 1038 e
1491 1000 1543 1058 q.

1123 1087 1440 1155 arguantur
1464 1099 1503 1138 a
1529 1079 1562 1138 b
1588 1077 1844 1156 dsAm.

847 1193 938 1234 21.
981 1175 1231 1252 perfecta
1259 1195 1312 1253 q.

1127 1273 1349 1354 factas
1362 1274 1496 1333 Am.
1526 1270 1772 1356 (factum
1799 1272 1878 1355 α).

1127 1381 1368 1450 operata
1395 1374 1440 1430 d
1461 1393 1506 1444 e,
1535 1371 1570 1431 b
1595 1370 1942 1452 (operatae).
2123 1488 2132 1508 ἱ
2251 1462 2343 1503 22.
2387 1444 2543 1504 uenit
2570 1443 2719 1523 efq
2744 1443 2879 1503 Am·

2530 1543 2671 1602 exiit
2698 1563 2735 1601 a
2763 1542 2815 1601 d.

2530 1640 2830 1719 profectus
2857 1649 2945 1700 est
2970 1639 3020 1699 b.

849 1755 940 1812 23.
982 1737 1298 1796 ueniebant
1324 1756 1363 1795 a
1390 1735 1423 1796 b
1450 1737 1495 1796 d
1515 1733 1590 1815 (e)
1620 1755 1671 1813 q.
1707 1771 1718 1778 ·

1126 1834 1590 1911 adueniebants
1602 1834 1737 1893 Am.

848 1948 940 2008 ²5·
986 1932 1204 1994 factum
1229 1942 1318 1992 est
1346 1950 1487 2010 ergo
1525 1941 1588 1990 ut
1614 1932 1777 1991 fieret
1802 1932 2031 2009 questio
2058 1951 2112 2008 q.
2257 1949 2349 2009 25.
2390 1934 2542 1993 inter
2562 1930 2876 2010 discipulos
2904 1929 3176 1994 iohannis
3197 1940 3255 1992 et
3275 1930 3519 1992 iudaeos

1127 2031 1283 2091 sacta
1321 2040 1410 2090 est
1435 2048 1580 2108 ergo
1621 2048 1678 2108 q.
1719 2050 1758 2088 a
1785 2027 1871 2108 (b)
1899 2029 1944 2088 d
1963 2026 2040 2109 (e)
2057 2029 2127 2109 f
2620 2027 2780 2111 (a)s
2792 2049 2845 2106 q.

1287 2128 1421 2188 Am.
2537 2148 2611 2191 ex
2640 2127 2897 2206 disciplis
2933 2127 3051 2188 ioh.
3080 2145 3215 2188 cum
3242 2127 3360 2187 iud.
3390 2128 3423 2188 b
3465 2126 3520 2207 (e

2699 2225 3079 2306 discentibus)
3105 2226 3240 2285 Am.

2536 2343 2573 2386 a
2601 2324 2894 2403 discipulis
2919 2323 3036 2385 ioh.
3071 2325 3147 2385 ad
3171 2324 3289 2384 iud.
3317 2324 3370 2384 d.

851 2418 943 2479 26.
985 2416 1386 2476 testimonium
1413 2414 1602 2474 dixisti
1629 2434 1658 2473 e
1683 2434 1734 2491 q.

1129 2523 1256 2575 test.
1295 2511 1590 2574 reddidisti
1618 2534 1655 2572 a
1682 2514 1734 2572 d.

1128 2622 1254 2673 test.
1279 2612 1615 2691 perhibuisti
1641 2612 1745 2693 bf
1759 2612 1892 2671 Am.

850 2725 944 2789 27.
985 2710 1204 2791 aliquid
1227 2730 1278 2787 q.

1128 2808 1442 2887 quicquam
1470 2828 1508 2867 a
1535 2808 1568 2867 b
1595 2806 1903 2889 defAm.

852 2927 943 2983 29.
987 2906 1270 2985 repletum
1297 2926 1349 2984 q.
1809 2926 1829 2965 ι

1131 3004 1483 3083 completum
1513 3003 1563 3064 b.

1129 3104 1430 3181 impletum
1456 3123 1494 3162 a
1522 3103 1567 3161 d
1561 3103 1632 3181 s
1635 3102 1768 3161 Am.

1129 3201 1509 3280 adimpletum
1534 3221 1576 3260 e.

2262 3309 2355 3367 31.
2400 3307 2574 3369 super
2600 3304 2811 3351 omnes
2837 3298 2927 3349 est
2952 3286 3042 3368 (in
3067 3289 3269 3348 second
3286 3286 3497 3367 clause)

2676 3388 2956 3465 qum.

2541 3487 2898 3546 om.abde.

2264 3603 2358 3660 32.
2400 3585 2513 3646 hoc
2542 3584 2879 3645 testificatur
2882 3582 2950 3657 f
2962 3603 2999 3660 q
3026 3581 3105 3663 (A
3116 3602 3186 3643 m.
3215 3581 3499 3663 testatur).

2543 3702 2644 3742 om.
2674 3681 2788 3743 hoc
2814 3702 2853 3741 a
2880 3682 2913 3741 b
2940 3682 2985 3741 d
3003 3700 3046 3741 e.

852 3805 946 3863 34.
987 3788 1268 3865 quoniam
1289 3806 1467 3867 quem
1494 3808 1546 3866 q.

1135 3906 1314 3967 quem
1341 3889 1503 3949 enim
1528 3909 1567 3948 a
1596 3889 1629 3949 b
1657 3888 1966 3966 defAm.

967 4106 1096 4173 We
1115 4118 1272 4175 note
1291 4109 1356 4173 in
1377 4110 1568 4175 these
1586 4108 1893 4193 chapter-s
1910 4109 1989 4173 os
2000 4108 2098 4175 St.
2117 4110 2298 4193 John
2316 4128 2504 4175 some
2521 4108 2971 4192 ninety-three
2990 4108 3322 4173 instances
3340 4131 3357 4185 ς
3387 4107 3520 4171 and

809 4210 1072 4296 though
1115 4213 1232 4277 the
1260 4222 1414 4278 text
1447 4214 1523 4278 of
1543 4232 1587 4295 q
1620 4214 1675 4278 is
1697 4233 1884 4278 more
1913 4214 2143 4278 mixed
2173 4214 2333 4279 here
2362 4213 2522 4279 than
2552 4214 2619 4277 in
2651 4211 2755 4278 St.
2787 4212 3133 4289 Mattheus,
3167 4232 3242 4277 as
3270 4231 3313 4275 a
3342 4230 3523 4275 mere

807 4315 1048 4399 glance
1075 4315 1208 4381 will
1251 4318 1429 4383 shew
1461 4339 1556 4399 uS,
1586 4317 1705 4385 the
1747 4328 2241 4402 agreemement
2270 4320 2565 4385 between
2604 4319 2659 4384 it
2695 4318 2825 4382 and
2870 4316 2909 4381 b
2947 4316 3004 4381 is
3046 4315 3182 4382 still
3222 4315 3323 4380 far
3340 4333 3523 4378 more
3652 4340 3664 4351 ·

4237 4 4275 38 Η
