4373 5048
741 346 821 391 10

454 502 577 555 1¹01.
597 502 687 551 18.
730 513 789 565 et
814 500 1141 579 egrimonia

731 605 933 656 nostra
959 604 1130 671 porta

728 690 811 749 uit
836 714 849 729 ·
904 686 949 721 ²⁸
967 686 1193 746 Uidens

730 794 925 844 autem
961 782 1050 841 ihs
1080 790 1170 839 tur

728 878 836 936 bas
864 875 1072 935 multas
1106 873 1189 934 cir

729 988 864 1030 cum
894 988 957 1029 se
1029 967 1190 1027 iussit

728 1063 1044 1140 discipulos
1072 1078 1139 1121 su

728 1176 800 1217 os
828 1158 909 1216 ire
936 1166 1097 1216 trans

729 1251 937 1310 fretum
960 1276 975 1290 ·
1022 1250 1061 1283 ¹⁰
1072 1247 1149 1307 Et
1181 1266 1251 1307 ac

732 1344 948 1405 cedens
974 1342 1192 1419 quida-

732 1439 921 1499 scriba
952 1438 1031 1497 ait
1056 1436 1132 1494 illi
1154 1462 1168 1476 ·

733 1531 1016 1608 Magister
1098 1547 1162 1588 se

734 1642 883 1701 quor
910 1635 967 1683 te
996 1626 1197 1700 quocfi

734 1737 847 1795 que
877 1716 1043 1777 ieris·
1088 1713 1297 1774 ²⁰Dicit

735 1813 789 1872 ei
818 1813 907 1872 ihs
982 1810 1188 1886 uulpes

738 1906 938 1966 foueas
966 1906 1177 1963 abent·

735 2009 794 2059 et
821 1998 1085 2059 uolucres
1118 1994 1227 2054 celi

736 2091 909 2151 nidos
994 2088 1092 2147 ubi
1120 2105 1184 2146 re

738 2186 1077 2262 quiescant·

736 2278 916 2338 Filius
943 2287 1138 2336 autem
1166 2273 1248 2333 ho

736 2372 911 2432 minis
938 2387 1062 2430 non
1089 2368 1167 2428 ha

735 2507 836 2566 bet
860 2502 959 2564 ubi
986 2500 1179 2580 capud
1206 2500 1280 2561 de

737 2599 913 2660 clinet
936 2623 953 2640 ·
990 2596 1207 2656 ”Alius
1236 2613 1313 2655 au

735 2705 855 2754 tem
884 2689 1198 2769 discipulus

739 2787 817 2847 ait
843 2786 920 2845 illi
942 2809 957 2828 ·
1018 2785 1133 2843 dne
1161 2800 1266 2860 per

739 2880 899 2940 mitte
932 2877 1075 2937 mihi
1109 2877 1199 2955 pri

739 2992 904 3033 mum
931 2973 1010 3032 ire
1038 2981 1096 3031 et
1126 2988 1189 3029 se

739 3066 939 3145 pellite
965 3073 1172 3143 patre-

741 3177 942 3218 meum
966 3183 980 3196 ·
1022 3153 1155 3214 ”At
1186 3157 1314 3233 ipse

739 3254 818 3312 ait
852 3252 928 3311 illi
962 3268 1201 3326 sequere

739 3366 837 3407 me
914 3347 1041 3406 sine
1070 3353 1265 3403 mortu

742 3459 812 3503 os
841 3439 1103 3518 sepellire
1131 3455 1264 3496 mor

740 3545 872 3596 tuos
906 3551 1041 3592 suos
1060 3557 1073 3571 ·

738 3625 869 3688 ”Et
895 3625 1248 3685 ascendente
1276 3641 1350 3684 eo

738 3723 801 3782 in
830 3719 1096 3781 nauicula
1125 3737 1191 3778 se

742 3816 857 3876 cuti
889 3823 1025 3874 sunt
1051 3831 1187 3873 eum

742 3907 1007 3986 discipuli
1041 3907 1165 3965 eius
1188 3935 1204 3952 ·

742 4002 873 4061 “Et
900 4018 1039 4060 ecce
1065 4009 1261 4059 motus
1290 4016 1429 4074 mag

742 4114 855 4156 nus
887 4095 1069 4153 factus
1097 4103 1187 4152 est

741 4190 804 4248 in
833 4188 977 4247 mari
998 4214 1012 4228 ·
1072 4188 1151 4246 ita
1182 4195 1246 4245 ut

738 4282 1005 4342 nauicula
1025 4281 1189 4358 operi

739 4387 894 4436 retur
921 4394 957 4438 a
985 4375 1251 4436 fluctibus
1274 4397 1289 4416 ·

2088 322 2330 386 SECD
2343 358 2358 374 ·

1488 497 1625 575 Ipse
1653 506 1851 557 autem
1884 496 2075 556 dormi

1486 592 1624 651 ebat
1642 618 1655 632 ·
1714 591 1827 650 ”et
1856 608 1994 649 acce

1486 683 1693 743 dentes
1720 683 2009 743 suscitaue

1485 787 1620 837 mnt
1648 795 1783 836 eum
1814 774 1959 835 disci

1486 870 1605 947 puli
1632 871 1755 929 eius
1774 869 1948 927 dicen

1485 974 1572 1023 tes
1604 996 1617 1010 ·
1662 964 1775 1022 dfie
1825 961 2007 1021 libera

1486 1076 1598 1116 nos
1625 1058 1884 1133 perimus
1902 1079 1916 1093 ·

1484 1148 1527 1185 ⁹⁸
1544 1151 1618 1209 Et
1648 1150 1726 1209 ait
1752 1148 1860 1207 illis
1915 1146 2055 1224 quid
2082 1145 2123 1204 ti

1484 1242 1627 1302 midi
1656 1243 1794 1301 estis
1822 1240 1985 1299 modi

1486 1356 1554 1397 ce
1576 1336 1711 1395 fidei
1735 1362 1748 1376 ·
1794 1334 1971 1393 Tunc

1489 1447 1735 1506 surgens
1762 1429 1917 1505 impe

1488 1523 1636 1583 rauit
1663 1532 1840 1581 uento

1490 1626 1549 1677 et
1578 1616 1721 1675 mari
1796 1625 1855 1674 et
1883 1614 2037 1673 facta

1491 1721 1581 1771 est
1616 1709 1909 1786 tranquilli

1491 1814 1581 1863 tas
1610 1820 1827 1880 magna
1851 1833 1864 1847 ·
1950 1798 1994 1833 ²⁷
2012 1800 2092 1859 illi

1494 1906 1689 1956 autem
1719 1895 1986 1955 homines

1496 1990 1684 2049 mirati
1712 1998 1844 2047 sunt
1872 1988 2047 2048 dicen

1495 2094 1583 2143 tes
1660 2082 1844 2159 qualis
1870 2091 1958 2140 est

1492 2176 1587 2236 hic
1670 2175 1831 2251 quod
1856 2174 2019 2233 uenti

1493 2282 1552 2330 et
1578 2269 1725 2329 mari
1754 2268 2075 2328 oboediunt

1492 2364 1547 2424 ei
1570 2394 1583 2409 ·
1625 2360 1742 2423 ¹¹⁸et
1768 2379 1904 2421 cum
1932 2363 2097 2421 uenis

1494 2505 1581 2556 set
1608 2504 1765 2555 trans
1794 2492 1974 2556 fretii·

1492 2590 1555 2648 in
1580 2591 1819 2666 regione
1846 2607 1988 2666 gera

1495 2701 1770 2743 senorum
1794 2703 1831 2723 ··
1867 2700 2044 2743 occur

1494 2788 1694 2837 rerunt
1719 2778 1774 2836 ei
1801 2776 1919 2835 duo

1493 2871 1767 2930 homines
1847 2869 1959 2928 dae

1495 2964 1696 3023 monia
1722 2961 2001 3020 habentes
2024 2987 2039 3002 ·

1495 3056 1571 3116 de
1598 3056 1997 3116 monumentis

1496 3159 1775 3209 exeuntes
1833 3149 1958 3224 peri

1498 3243 1679 3303 culosi
1708 3241 1879 3300 nimis
1901 3268 1914 3282 ·

1498 3335 1588 3396 Ita
1614 3345 1678 3395 ut
1705 3353 1882 3397 nemo
1910 3353 2019 3414 pos

1498 3439 1585 3489 set
1612 3430 1822 3489 transsi

1497 3541 1559 3581 re
1588 3540 1693 3598 per
1720 3523 1879 3582 uiam
1908 3522 2045 3582 ina-
2068 3549 2081 3564 ·

1494 3614 1538 3650 ²⁹
1553 3615 1631 3674 Et
1656 3634 1796 3675 ecce
1825 3616 2164 3679 exclamaue

1498 3719 1633 3768 runt
1660 3711 1921 3770 dicentes

1499 3801 1660 3876 Quid
1693 3805 1865 3864 nobis
1896 3815 1955 3864 et
1984 3804 2087 3864 tibi

1496 3897 1596 3955 ihu
1625 3897 1704 3956 fili
1733 3898 1795 3956 di
1874 3899 2041 3960 uenis

1499 3990 1541 4048 ti
1570 3989 1665 4048 hic
1695 4001 1829 4050 ante
1860 3999 1977 4050 tem

1500 4101 1613 4161 pus
1642 4094 1911 4160 torquere

1501 4193 1643 4236 nos·
1687 4175 1883 4235 ³⁰Erat
1909 4180 2042 4236 aute

1500 4269 1678 4346 longe
1706 4271 1783 4328 ab
1814 4271 1921 4330 illis
1949 4289 2095 4348 grex

1498 4381 1812 4440 porcorum
1842 4364 2024 4424 multo

1497 4473 1626 4515 rum
1655 4457 2022 4536 pascentium

2295 496 2336 531 ⁸¹
2357 496 2694 557 Daemones
2721 500 2858 557 aute

2295 592 2582 667 rogabant
2613 608 2750 649 eum

2294 684 2554 744 dicentes
2630 684 2691 744 Si
2719 684 2774 743 ei

2295 778 2379 837 cis
2407 795 2522 837 nos
2599 777 2812 855 permit

2295 881 2350 931 te
2379 890 2492 931 nos
2519 871 2598 930 ire
2629 872 2688 929 in
2716 889 2823 947 gre

2292 984 2430 1042 gem
2459 982 2770 1043 porcorum
2793 990 2806 1005 ·

2293 1056 2338 1091 ³²
2353 1057 2430 1117 Et
2457 1059 2536 1118 ait
2562 1058 2669 1117 iuis
2695 1058 2774 1119 ite
2798 1084 2811 1098 ·
2872 1068 2934 1118 at

2295 1152 2376 1211 illi
2402 1162 2681 1212 exeuntes
2709 1152 2803 1210 abi

2297 1256 2467 1305 erunt
2493 1246 2554 1304 in
2582 1263 2794 1321 porcos
2818 1272 2832 1286 ·

2296 1337 2375 1397 Et
2399 1357 2539 1398 ecce
2567 1338 2852 1416 impetum

2298 1433 2438 1492 abiit
2465 1442 2619 1493 totus
2647 1450 2789 1509 grex

2298 1545 2400 1605 per
2425 1544 2669 1603 preceps
2695 1527 2760 1585 in

2299 1637 2462 1678 mare
2543 1629 2600 1678 et
2633 1637 2764 1678 mor

2300 1713 2381 1773 tui
2410 1724 2544 1772 sunt
2572 1713 2632 1771 in
2662 1731 2698 1772 a

2299 1807 2430 1884 quis
2451 1833 2464 1847 ·
2508 1806 2552 1839 ⁸³
2571 1806 2652 1866 Hi
2681 1810 2813 1866 aute·

2302 1901 2404 1978 qui
2431 1918 2536 1960 eos
2564 1902 2884 1977 pascebant
2906 1924 2921 1939 ·

2302 1993 2570 2070 sugerunt
2645 2002 2704 2052 et
2735 2011 2810 2052 ue

2303 2088 2527 2146 nientes
2555 2088 2616 2145 in
2641 2085 2816 2146 ciuita

2304 2191 2423 2241 tem
2503 2182 2778 2239 nuntiaue

2301 2284 2434 2333 runt
2459 2274 2659 2333 omnia
2675 2300 2688 2313 ·
2748 2282 2806 2333 et

2302 2366 2377 2426 de
2404 2366 2494 2426 his
2520 2368 2623 2446 qui
2649 2367 2827 2427 demo

2302 2503 2465 2562 nium
2492 2500 2818 2561 habebant·

2299 2596 2344 2629 ⁸⁴
2359 2596 2437 2655 Et
2464 2613 2603 2655 ecce
2621 2604 2745 2654 tota
2771 2593 2886 2653 ciui

2299 2699 2389 2750 tas
2409 2690 2544 2752 exiit
2573 2689 2633 2747 in
2660 2688 2898 2748 obuiam

2301 2783 2402 2843 ihu
2419 2810 2432 2824 ·
2496 2791 2556 2842 et
2581 2782 2710 2842 uiso
2735 2800 2809 2841 eo
2837 2799 2905 2841 ro

2303 2878 2522 2954 gabant
2601 2887 2663 2935 ut
2690 2885 2850 2937 trans

2304 2972 2444 3032 siret
2469 2989 2505 3030 a
2531 2971 2743 3030 finibus
2772 2981 2958 3030 eoru*
2975 3001 2988 3016 ·

2309 3074 2372 3126 9.
2389 3065 2487 3125 ¹Et
2503 3065 2832 3124 ascendens
2852 3065 2914 3124 in
2933 3083 3011 3123 na

2305 3159 2558 3219 uiculam
2583 3168 2742 3217 trans

2306 3252 2532 3312 fretauit
2605 3262 2663 3311 et
2690 3252 2850 3312 uenit

2305 3349 2367 3406 in
2394 3347 2686 3406 ciuitatem
2712 3364 2880 3406 suam
2898 3372 2912 3387 ·

2305 3438 2328 3471 ²
2345 3439 2422 3500 Et
2449 3440 2780 3518 optulerunt
2804 3440 2859 3500 ei

2306 3535 2688 3613 paralyticum
2707 3534 2764 3592 ia

2307 3638 2536 3688 centem
2563 3628 2624 3686 in
2657 3628 2809 3688 lecto
2831 3653 2844 3668 ·

2307 3721 2384 3781 Et
2402 3722 2610 3782 uidens
2636 3721 2725 3780 ihs
2755 3721 2932 3781 fidem

2305 3815 2536 3875 illorum
2615 3813 2759 3874 dixit
2785 3833 2862 3892 pa

2303 3909 2543 3986 ralytico
2563 3935 2577 3949 ·
2637 3920 2914 3968 constans

2307 4015 2433 4065 esto
2463 4003 2542 4062 fili
2619 4003 2864 4062 remissa

2307 4107 2445 4158 sunt
2471 4097 2574 4156 tibi
2603 4108 2847 4174 peccata

2309 4203 2408 4252 tua
2425 4217 2438 4232 ·
2497 4191 2518 4223 ⁸
2539 4190 2798 4265 Quidam
2826 4209 2901 4252 au

2308 4296 2427 4345 tem
2455 4303 2532 4344 ex
2560 4286 2760 4345 scribis
2787 4284 2924 4346 dixe

2307 4389 2472 4440 runt·
2529 4380 2676 4439 intra
2703 4397 2766 4439 se

3249 334 3419 399 [vm.
3449 338 3644 403 17—1X.
3673 352 3752 389 ro.

3048 495 3168 556 Hic
3194 496 3500 557 blasfemat
3519 528 3538 543 ·

3045 592 3068 624 ⁴
3085 600 3143 649 et
3163 590 3371 651 uidens
3397 592 3489 651 ihs

3048 685 3433 761 cogitationes
3463 702 3536 745 eo

3048 795 3180 836 rum
3207 778 3385 837 dixit·
3445 788 3512 836 ut

3047 871 3190 948 quid
3222 871 3485 947 cogitatis
3515 888 3615 930 ma

3047 964 3106 1024 la
3131 965 3192 1023 in
3221 964 3492 1024 cordibus
3511 981 3620 1023 ues

3047 1057 3148 1117 tris
3220 1056 3244 1090 ³
3260 1056 3401 1135 quid
3426 1068 3514 1117 est
3539 1056 3600 1115 fa

3049 1151 3211 1211 cilius
3240 1152 3432 1211 dicere
3460 1169 3522 1210 re

3048 1244 3350 1303 mittuntur
3377 1246 3478 1303 tibi

3049 1348 3293 1416 peccata
3321 1348 3421 1397 tua
3444 1370 3458 1384 ·
3505 1347 3608 1397 aut

3053 1432 3244 1492 dicere
3272 1449 3443 1509 surge
3473 1442 3531 1491 et

3053 1524 3289 1584 ambula
3310 1554 3324 1569 ·
3366 1524 3388 1557 ⁶
3405 1534 3466 1583 ut
3493 1525 3578 1585 sci

3053 1619 3162 1678 atis
3191 1628 3384 1677 autem
3413 1619 3550 1695 quia

3055 1712 3202 1771 filius
3231 1712 3484 1771 hominis

3055 1814 3406 1884 potestatem
3435 1804 3512 1865 ha

3055 1900 3152 1957 bet
3179 1899 3239 1958 in
3269 1908 3416 1958 terra
3449 1917 3512 1957 re

3054 1992 3318 2051 mittendi
3345 2002 3585 2070 peccata
3607 2019 3620 2032 ·

3056 2085 3231 2145 Tunc
3260 2087 3337 2144 ait
3363 2086 3604 2164 paralyti

3056 2198 3130 2240 co
3150 2206 3163 2220 ·
3223 2198 3469 2255 surgens
3497 2178 3580 2237 tol

3054 2272 3109 2333 le
3137 2273 3350 2333 lectum
3377 2282 3540 2331 tuum

3057 2378 3115 2427 et
3141 2367 3292 2426 uade
3319 2367 3380 2424 in
3407 2366 3652 2426 domum

3057 2511 3218 2560 tuam
3241 2527 3254 2542 ·
3320 2500 3343 2534 ⁷
3359 2508 3418 2560 et
3447 2517 3693 2577 surgens

3057 2594 3196 2656 abiit
3223 2594 3284 2653 in
3311 2594 3557 2652 domum

3059 2705 3228 2748 suam
3246 2715 3259 2728 ·
3305 2689 3327 2721 ⁸
3346 2686 3542 2764 Uiden

3059 2793 3146 2842 tes
3175 2790 3370 2841 autem
3398 2792 3489 2841 tur

3060 2877 3135 2936 be
3163 2877 3474 2935 timuerunt
3500 2902 3514 2916 ·

3059 2981 3117 3030 et
3144 2969 3540 3029 honorificaue

3061 3075 3196 3124 runt
3223 3064 3324 3122 dm
3351 3064 3453 3141 qui

3062 3169 3281 3218 tantam
3313 3167 3542 3235 potesta

3062 3263 3180 3312 tem
3209 3252 3368 3311 dedit
3396 3250 3556 3310 homi

3061 3347 3234 3405 nibus
3263 3371 3276 3385 ·
3333 3370 3416 3396 se·
3523 3369 3605 3396 se*

3143 3463 3605 3494 §fla-‘⁵55⁵

3009 3533 3042 3572 *
3060 3533 3083 3566 ⁹
3097 3532 3176 3593 Et
3201 3551 3338 3594 cum
3364 3532 3658 3592 transsiret

3013 3627 3046 3666 *
3066 3628 3200 3686 inde
3229 3629 3316 3688 ihs
3396 3627 3542 3686 uidit

3062 3721 3367 3781 hominem

3062 3814 3364 3874 sedentem

3059 3909 3124 3968 in
3151 3909 3423 3968 theloneo
3440 3935 3453 3950 ·
3519 3926 3600 3967 no

3057 4003 3216 4062 mine
3243 4003 3568 4063 mattheu-·

3060 4096 3138 4156 Et
3165 4098 3244 4157 ait
3271 4097 3349 4156 illi
3377 4115 3558 4174 seque

3060 4210 3124 4252 re
3151 4210 3247 4250 me
3271 4216 3285 4231 ·
3350 4202 3408 4251 et
3436 4209 3681 4269 surgens

3062 4295 3294 4346 secutus
3321 4295 3411 4344 est
3437 4304 3572 4345 eum
3597 4313 3611 4326 ·

3061 4377 3108 4411 ¹⁰
3125 4379 3201 4439 Et
3226 4379 3449 4438 sactum
3475 4389 3562 4439 est
3589 4398 3650 4440 re

3061 4475 3371 4536 cumbente
3401 4472 3501 4532 illo

3776 510 3900 561 rol.
3921 510 4010 560 10.
