4373 5048
750 337 835 403 80

465 514 595 567 rol.
614 516 707 567 0¹1·
752 511 937 572 homo
962 518 1239 589 peccator
1266 514 1337 570 sil

748 606 772 640 ⁰
790 606 1100 666 admiratio
1126 605 1289 665 enim

747 699 1002 760 habebat
1029 699 1193 758 illum
1261 708 1323 758 et

747 810 959 854 omnes
978 794 1079 871 qui
1105 810 1243 853 cum
1268 793 1367 853 illo

748 898 917 948 erant
943 888 1005 945 in
1032 896 1273 963 captura

745 982 997 1061 piscium
1032 999 1211 1058 quam
1238 1000 1310 1042 ce

745 1085 956 1153 perant
976 1106 991 1122 ·
1032 1075 1079 1108 ¹⁰
1100 1076 1271 1135 simili

746 1179 836 1229 ter
861 1180 1058 1229 autem
1083 1170 1329 1230 iacobus

746 1272 805 1323 et
831 1262 1118 1323 iohannes
1146 1263 1225 1322 fili

747 1358 991 1417 zebedei
1012 1388 1027 1405 ·
1090 1360 1193 1436 qui
1220 1366 1391 1418 erant

746 1452 895 1511 socii
920 1454 1165 1513 simonis
1186 1484 1201 1499 ·

746 1544 824 1605 Et
850 1546 931 1606 ait
956 1546 1035 1607 ad
1060 1548 1351 1608 simonem

747 1639 837 1697 ihs
896 1641 1017 1700 noli
1039 1642 1245 1701 timere
1268 1672 1283 1687 ·

746 1732 841 1793 Ex
870 1734 985 1794 hoc
1012 1735 1131 1795 iam
1158 1736 1272 1794 eris
1299 1735 1380 1795 ho

746 1828 935 1886 mines
964 1838 1209 1905 captans

744 1920 789 1955 ²²
805 1921 884 1981 Et
910 1922 1207 1981 subductis
1234 1921 1312 1982 ad
1336 1930 1423 1982 ter

745 2032 876 2077 ram
902 2016 1189 2075 nauiculis
1206 2046 1223 2063 ·

744 2109 960 2169 relictis
987 2110 1267 2169 omnibus

748 2204 931 2263 secuti
958 2212 1095 2262 sunt
1120 2220 1257 2261 eum
1286 2234 1301 2249 ·
1327 2234 1342 2250 ·

747 2294 794 2331 ι’
808 2296 887 2355 Et
902 2296 1121 2357 factum
1140 2305 1229 2355 est
1246 2327 1261 2342 ·
1310 2312 1445 2356 cum

746 2401 945 2453 essent
972 2392 1033 2450 in
1061 2410 1181 2451 una
1208 2394 1325 2453 ciui

745 2494 929 2548 tatem
946 2516 961 2534 ·
1026 2496 1085 2548 et
1110 2505 1249 2550 ecce
1276 2489 1367 2548 uir

745 2618 955 2696 plenus
984 2618 1145 2697 lepra
1162 2652 1177 2667 ·
1238 2630 1298 2680 et

745 2712 954 2773 uidens
983 2712 1109 2772 ihm
1136 2714 1348 2775 cecidit

745 2807 808 2866 in
836 2806 1047 2868 faciem
1116 2817 1175 2867 et
1201 2826 1349 2886 roga

743 2901 847 2960 bat
873 2918 1009 2961 eum
1036 2901 1241 2961 dicens

746 2994 863 3054 dfie
890 2996 939 3055 si
964 2996 1057 3055 uis
1112 3005 1279 3073 potes
1308 3013 1405 3056 me

744 3089 1031 3148 mundare
1053 3120 1068 3136 ·
1111 3088 1154 3122 ¹⁸
1170 3089 1247 3148 Et
1272 3099 1447 3150 exten

746 3182 895 3241 dens
923 3200 1161 3242 manum
1182 3185 1283 3243 teti

2098 338 2341 405 SECD
2361 373 2376 389 ·

1503 508 1693 586 magis
1722 526 1915 570 sermo
1944 509 2019 570 de
2045 510 2145 572 illo

1502 612 1561 662 et
1588 604 2020 663 conueniebant

1500 698 1705 757 turbae
1732 698 1951 758 multae
1978 709 2042 759 ut
2068 716 2145 759 au

1500 790 1691 851 dirent
1712 802 1770 851 et
1791 810 2035 853 cui-aren

1498 892 1590 943 tur
1618 885 1694 943 ab
1722 886 2033 947 infirmitati

1499 979 1609 1039 bus
1636 981 1755 1039 suis
1772 1011 1786 1027 ·
1827 979 1875 1015 ¹‘
1888 982 2013 1058 ipse
2041 989 2173 1043 aute

1406 1128 1421 1139 ,
1500 1074 1811 1133 secedebat
1836 1076 1897 1133 in
1929 1076 2100 1136 deser

1500 1176 1563 1227 to
1588 1176 1647 1225 et
1673 1170 1879 1228 orabat
1902 1201 1917 1217 ·
1958 1169 2005 1204 ¹⁷
2021 1170 2099 1231 Et

1500 1260 1719 1320 facmm
1746 1272 1835 1323 est
1862 1265 1925 1323 in
1955 1282 2077 1324 una

1500 1354 1727 1415 dierum
1754 1367 1814 1416 et
1838 1359 1964 1433 ipse
1986 1369 2103 1419 e1⁸t

1500 1448 1725 1509 docens
1748 1480 1765 1497 ·
1822 1464 1881 1510 et
1910 1462 2079 1512 erant

1498 1541 1723 1603 farisaei
1746 1545 2019 1607 sedentes

1499 1646 1559 1696 et
1585 1637 1731 1715 legis
1758 1637 2034 1699 doctores
2056 1671 2073 1687 ·

1500 1732 1600 1807 qui
1628 1744 1913 1792 uenerant
1940 1752 2015 1793 ex
2044 1750 2147 1793 om

1498 1824 1561 1881 ni
1588 1825 1829 1884 castello
1856 1827 2099 1903 galileae

1498 1926 1555 1975 et
1582 1917 1787 1979 iudeae
1815 1929 1875 1979 et
1900 1920 2062 1981 hieru

1496 2010 1683 2071 'salem
1704 2043 1719 2059 ·
1783 2024 1841 2072 et
1867 2014 2049 2075 uirtus

1496 2113 1621 2165 erat
1648 2106 1749 2165 diii
1776 2107 1852 2165 ad
1880 2126 2065 2168 sanan

1496 2200 1639 2259 dum
1666 2218 1771 2261 eos
1792 2232 1807 2247 ·
1851 2202 1893 2235 ¹⁸
1910 2211 1969 2262 et
1995 2221 2135 2265 ecce

1496 2294 1599 2351 uiri
1625 2305 1925 2370 portantes
1953 2298 2015 2355 in

1495 2387 1650 2448 lecto
1678 2388 1981 2449 hominem
2000 2422 2015 2439 ·

1497 2482 1599 2561 qui
1631 2494 1755 2543 erat
1780 2484 2127 2562 paralyticus

1498 2624 1556 2674 et
1576 2615 1935 2693 quaerebant
1952 2634 2091 2676 eum
2118 2617 2180 2676 in

1496 2708 1643 2769 ferre
1672 2721 1731 2769 et
1756 2727 1979 2786 ponere
2006 2721 2142 2771 ante

1496 2821 1633 2861 eum
1694 2803 1739 2837 ¹⁸
1756 2813 1815 2863 et
1845 2822 1966 2863 non
1984 2805 2181 2864 inueni

1496 2907 1664 2958 entes
1691 2915 1811 2975 qua
1838 2909 2001 2974 parte
2030 2898 2070 2956 il

1495 2991 1618 3049 lum
1648 2992 1927 3051 inferrent
1953 3011 2096 3070 prae

1495 3085 1664 3145 turba
1733 3086 2125 3147 ascenderunt

1495 3197 1675 3256 supra
1702 3190 1917 3240 tectum
1940 3211 1955 3228 ·
2017 3189 2077 3240 et

2307 525 2506 572 autem
2533 511 2624 571 ihs
2651 512 2890 588 cogitati

2305 624 2454 667 ones
2482 625 2688 666 eorum
2709 638 2726 653 ·
2784 624 2878 666 res

2307 702 2579 777 pondens
2608 701 2751 759 dixit
2779 699 2856 759 ad
2884 698 2926 758 il

2305 794 2394 853 los
2417 824 2432 841 ·
2497 795 2638 872 quid
2669 793 2938 871 cogitatis

2303 888 2366 946 in
2395 890 2670 947 cordibus
2697 888 2904 947 uestris
2926 918 2942 935 ·

2302 976 2347 1014 ⁸³
2365 982 2504 1059 quid
2533 992 2620 1041 est
2647 982 2868 1041 facilius
2897 982 2957 1041 di

2304 1093 2434 1135 cere
2462 1075 2700 1135 dimissa
2725 1086 2864 1136 sunt

2303 1168 2404 1227 tibi
2433 1180 2676 1246 peccata
2701 1180 2804 1229 tua
2822 1179 2922 1230 aut

2303 1262 2493 1322 dicere
2523 1281 2695 1341 surge
2723 1278 2782 1323 et
2802 1280 2902 1323 am

2302 1356 2472 1415 bula·
2516 1354 2658 1416 “Ut
2689 1366 2886 1417 autem
2917 1356 3002 1417 sci

2302 1451 2411 1509 atis
2443 1450 2580 1527 quia
2607 1451 2729 1509 filiu
2756 1451 2920 1510 homi

2303 1544 2394 1603 nis
2421 1555 2771 1621 potestatem
2797 1544 2876 1605 ha

2302 1639 2400 1697 bet
2428 1638 2642 1698 interra
2669 1640 2840 1699 remit

2301 1730 2460 1790 tendi
2491 1744 2736 1808 peccata
2755 1765 2770 1780 ·
2813 1734 2894 1793 ait

2299 1826 2618 1903 paralytico
2641 1858 2656 1873 ·
2701 1828 2806 1888 tibi
2827 1828 2964 1889 dico
2985 1857 3001 1876 ·

2301 1938 2477 1998 surge
2503 1920 2642 1979 tolle
2668 1920 2885 1981 lectum

2302 2024 2467 2074 tuum
2493 2024 2552 2073 et
2578 2015 2728 2075 uade
2757 2017 2818 2074 in
2841 2016 2921 2076 do

2297 2127 2464 2167 mum
2483 2119 2645 2168 tuam
2663 2141 2678 2157 ·
2721 2108 2766 2143 ⁸⁶
2781 2111 2862 2170 Et
2888 2129 3004 2171 con

2301 2201 2493 2261 festim
2522 2221 2767 2280 surgens
2795 2210 2936 2264 cora

2299 2296 2411 2355 illis
2439 2298 2563 2356 tulit
2590 2299 2650 2355 in
2679 2316 2800 2375 quo
2827 2300 2955 2358 iace

2300 2390 2400 2449 bat
2423 2421 2437 2437 ·
2498 2402 2558 2451 et
2580 2392 2720 2451 abiit
2737 2393 2799 2451 in
2821 2394 3003 2453 domii

2301 2502 2468 2544 suam
2479 2516 2493 2532 ·
2507 2487 2894 2564 magnificans
2901 2488 3003 2548 ἀῶ

2299 2614 2344 2650 ¹⁸
2363 2626 2422 2675 et
2445 2627 2646 2694 stupor
2667 2619 3004 2696 adpraehen

2302 2710 2384 2770 dit
2411 2728 2621 2771 omnes
2650 2723 2708 2770 et
2735 2730 2875 2791 mag

2301 2803 2616 2864 nificabant
2643 2805 2744 2863 ἀῶ
2767 2838 2782 2853 ·
2853 2816 2914 2867 et

2301 2897 2504 2975 repleti
2535 2909 2668 2957 sunt
2698 2900 2840 2958 timo

2302 3011 2364 3050 re
2393 2992 2654 3051 dicentes
2673 3024 2688 3039 ·
2748 2994 2888 3071 quia

2301 3085 2555 3145 uidimus
2585 3086 2794 3146 mirabi

2383 3205 2466 3232 „a
2493 3179 2570 3238 lia
2604 3179 2814 3240 hodiae
2843 3207 2927 3231 m

3483 346 3570 413 [V.
3595 351 3763 415 8—37.

3061 508 3105 544 ⁸⁰
3127 506 3204 569 Et
3234 528 3614 573 murmuraue

3055 620 3194 668 runt
3215 607 3441 667 farisaei
3461 637 3476 653 ·
3519 616 3580 667 et

3057 703 3246 762 scribe
3275 718 3482 761 eorum
3501 732 3516 747 ·
3559 699 3624 759 di

3055 806 3255 857 centes
3283 797 3360 856 ad
3387 796 3614 872 discipu

3054 892 3144 951 los
3173 893 3300 951 eius
3368 908 3550 968 quare

3053 1002 3191 1045 cum
3221 985 3548 1062 puplicanis

3055 1090 3113 1139 et
3143 1080 3550 1156 peccatoribus

3052 1173 3373 1231 manducat
3400 1184 3458 1231 et
3479 1173 3633 1232 bibet

3051 1265 3096 1299 ⁸¹
3115 1267 3193 1325 Et
3220 1266 3588 1343 respondens
3614 1266 3706 1327 ihs

3053 1362 3196 1422 dixit
3223 1361 3300 1421 ad
3325 1352 3453 1421 ilios
3471 1391 3488 1407 ·
3547 1378 3674 1420 non

3051 1467 3231 1533 egent
3257 1457 3356 1533 qui
3385 1466 3628 1515 sansunt

3051 1551 3284 1609 medico
3313 1550 3418 1609 sed
3445 1550 3546 1627 qui

3051 1644 3206 1703 male
3231 1643 3448 1703 habent
3469 1674 3485 1691 ·
3527 1640 3574 1677 ⁸⁸
3589 1660 3716 1703 non

3051 1738 3188 1796 uerii
3217 1756 3432 1797 uocare
3458 1738 3550 1797 ius

3052 1841 3147 1891 tos
3205 1832 3310 1891 sed
3339 1842 3585 1909 peccato

3053 1944 3149 1985 res
3169 1925 3230 1984 in
3251 1925 3620 2002 penitentia-⁴

3053 2018 3098 2053 ⁸⁸
3116 2020 3196 2078 At
3223 2020 3302 2077 illi
3331 2019 3601 2079 dixerunt
3629 2018 3708 2079 ad

3055 2132 3192 2173 eum
3214 2144 3229 2159 ·
3295 2131 3476 2191 quare
3503 2113 3594 2173 dis

3055 2208 3232 2285 cipuli
3259 2208 3536 2267 iohannis

3053 2302 3314 2361 ieiunant
3341 2301 3578 2379 frequen

3055 2404 3140 2454 ter
3175 2405 3234 2454 et
3261 2395 3574 2455 farisaeon‘i

3055 2498 3113 2550 et
3141 2490 3579 2550 obsecrationes

3054 2620 3278 2681 faciunt
3300 2653 3315 2668 ·
3379 2621 3463 2681 tui
3491 2627 3626 2682 aute

3052 2716 3273 2775 aedunt
3298 2727 3358 2775 et
3385 2717 3594 2776 bibunt
3610 2747 3626 2764 ·

3051 2809 3097 2842 ⁸⁴
3114 2811 3324 2888 quibus
3353 2812 3478 2887 ipse
3507 2810 3588 2870 ait
3605 2841 3622 2858 ·

3053 2904 3340 2982 numquid
3369 2904 3612 2981 potestis
3635 2935 3652 2952 ·

3056 2996 3204 3058 filios
3233 2998 3435 3073 sponsi
3463 2999 3607 3057 dum

3056 3109 3194 3152 cum
3221 3091 3329 3150 illis
3357 3102 3445 3152 est
3471 3109 3730 3169 sponsus

3056 3185 3244 3244 facere
3273 3187 3526 3246 ieiunare
3549 3218 3564 3233 ·
3593 3219 3678 3232 ·—

3783 519 4038 569 Iol-00.

3057 3280 3102 3312 ⁸⁶
3118 3280 3354 3339 uenient
3379 3290 3573 3340 autem
3597 3280 3722 3341 dies

3059 3392 3196 3434 cum
3225 3373 3498 3434 aufeoetur
3525 3376 3603 3434 ab
3627 3375 3712 3434 eis

3060 3485 3314 3545 sponsus
3333 3500 3348 3515 ·
3411 3479 3470 3529 et
3497 3481 3636 3530 tunc

3057 3562 3394 3622 ieiunabunt
3419 3563 3482 3622 in
3507 3563 3615 3622 illis

3057 3655 3264 3714 diebus
3283 3687 3298 3702 ·
3341 3655 3386 3690 ⁸⁶
3405 3655 3568 3716 Dixit
3595 3675 3676 3718 au

3053 3758 3174 3808 tem
3201 3759 3260 3808 et
3287 3751 3654 3811 similitudine

3054 3843 3130 3902 ad
3158 3843 3285 3905 illos
3303 3875 3318 3890 ·
3389 3845 3526 3922 quia
3553 3862 3731 3905 nemo

3055 3938 3500 3998 commissuram

3054 4050 3091 4090 a
3117 4033 3462 4092 uestimento
3493 4051 3650 4096 nouo
3673 4064 3688 4080 ·

3053 4126 3289 4184 inmittit
3315 4126 3376 4185 in
3395 4127 3544 4186 uesti

3057 4231 3322 4279 mentum
3349 4231 3550 4281 uetus·
3603 4221 3682 4281 ali

3057 4315 3242 4392 oquin
3269 4323 3328 4373 et
3357 4334 3580 4376 nouum
3609 4322 3676 4376 τῦ

3058 4409 3144 4487 pit
3169 4419 3228 4468 et
3245 4411 3426 4470 ueteri
3455 4429 3576 4470 non
3604 4428 3720 4471 con

3057 4503 3218 4561 uenit
3245 4505 3626 4564 commissura

3060 4615 3097 4656 a
3131 4615 3322 4688 nouoo·
3367 4596 3506 4657 ”Et
3533 4616 3712 4659 nemo
3806 4613 3816 4620 ·

2256 3271 2289 3305 *
2310 3271 2354 3307 ²⁷
2371 3273 2449 3332 Et
2476 3283 2613 3351 post
2639 3274 2748 3335 hec
2777 3277 2916 3336 exiit
2938 3309 2951 3324 ·

2255 3365 2285 3399 ¹⁸¹
2311 3375 2368 3428 et
2397 3369 2540 3426 uidit
2567 3367 2802 3446 puplica

2255 3459 2285 3494 *
2309 3481 2455 3521 num
2482 3464 2726 3522 nomine
2753 3464 2868 3523 leui

2303 3557 2605 3616 sedentem
2633 3577 2668 3618 a
2689 3559 2928 3620 telonefi

2301 3660 2360 3709 et
2387 3651 2466 3710 ait
2495 3651 2572 3710 illi
2602 3669 2844 3730 sequere

2301 3763 2397 3804 me
2421 3777 2436 3792 ·
2480 3742 2522 3778 ’Β
2541 3757 2600 3804 et
2629 3747 2841 3806 relictis
2871 3764 2972 3806 om

2303 3841 2476 3898 nibus
2503 3858 2826 3917 exsurgens

2302 3944 2537 3993 secutus
2564 3945 2656 3994 est
2683 3952 2820 3993 eum
2844 3965 2859 3982 ·

2303 4025 2347 4061 ²⁹
2366 4027 2442 4088 Et
2458 4027 2592 4088 fecit
2618 4029 2698 4088 illi
2726 4029 3006 4089 conuiuiii

2305 4140 2590 4200 magnum
2617 4123 2733 4182 leui
2761 4125 2822 4182 in

2306 4216 2488 4275 domo
2519 4233 2626 4276 sua
2649 4247 2663 4262 ·
2723 4216 2801 4277 Et
2824 4227 2949 4276 erat

2306 4309 2472 4368 turba
2499 4310 2680 4370 multa
2707 4328 2790 4388 pu

2306 4403 2671 4480 plicanorum
2700 4406 2800 4484 qui

1494 3291 1602 3350 per
1622 3273 1847 3349 tegulas
1877 3275 2070 3334 submi

1496 3378 1697 3426 serunt
1723 3367 1884 3427 illum
1918 3387 2053 3427 cum

1495 3460 1651 3520 lecto
1680 3461 1741 3519 in
1769 3462 1963 3522 medio
1992 3472 2125 3522 ante

1496 3553 1619 3612 ihm
1644 3585 1658 3600 ·
1701 3552 1747 3588 ²⁰
1763 3572 2011 3632 quorum
2041 3556 2155 3616 fide

1498 3665 1636 3709 curn
1664 3649 1889 3708 uideret
1911 3679 1925 3696 ·
1986 3649 2129 3709 dixit

1497 3742 1725 3802 homini
1747 3774 1761 3790 ·
1827 3743 2067 3804 dimissa

1498 3846 1635 3894 sunt
1656 3837 1757 3895 tibi
1778 3851 2021 3914 peccata
2038 3848 2138 3897 tua
2161 3870 2175 3885 ·

1496 3927 1540 3962 ¹¹
1556 3930 1634 3989 Et
1652 3942 1973 4008 coeperunt
1988 3935 2183 4010 cogita

1496 4042 1561 4085 re
1588 4025 1813 4085 scribae
1830 4037 1888 4085 et
1908 4025 2135 4086 farisaei
2155 4057 2170 4074 ·

1498 4119 1561 4178 in
1588 4120 1863 4179 cordibus
1890 4121 2011 4180 suis
2039 4120 2099 4180 di

1498 4223 1699 4274 centes
1722 4245 1737 4260 ·
1766 4215 1899 4291 quis
1928 4224 2015 4274 est
2043 4214 2137 4274 hic
2156 4248 2170 4261 ·

1499 4308 1601 4386 qui
1629 4308 1885 4385 loquitur
1914 4308 2098 4370 blasse

1498 4402 1650 4462 mias
1668 4431 1683 4448 ·
1747 4401 1878 4479 quis
1906 4411 2101 4479 potest
2121 4402 2183 4463 di

1500 4496 1727 4556 mittere
1754 4507 1996 4573 peccata
2022 4497 2135 4556 nisi

1500 4589 1661 4652 solus
1678 4590 1748 4652 ds
1760 4622 1775 4638 ·
1790 4587 1906 4651 ”ut
1916 4593 2188 4668 cognouit

745 3275 831 3351 git
850 3274 1012 3334 illum
1038 3275 1243 3335 dicens

744 3369 885 3429 uolo
911 3370 1197 3430 mundare
1225 3401 1241 3418 ·

747 3463 1073 3524 Confestim
1098 3463 1263 3541 lepra

746 3557 873 3616 eius
900 3557 1155 3617 disscessit
1182 3557 1259 3616 ab
1286 3557 1326 3615 il

746 3649 807 3710 lo
826 3682 843 3698 ·
886 3650 931 3685 ¹⁴
947 3651 1025 3710 Et
1050 3652 1177 3729 ipse
1204 3670 1381 3729 prece

746 3745 833 3823 pit
858 3745 937 3805 illi
976 3755 1040 3804 ut
1066 3745 1287 3806 nemini

747 3838 965 3900 diceret
986 3871 1001 3886 ·
1074 3839 1192 3900 Sed
1221 3856 1299 3900 ua

748 3932 895 3993 dens
923 3935 1165 3994 ostende
1192 3943 1251 3993 te

746 4027 1037 4086 sacerdoti
1060 4059 1075 4074 ·
1147 4037 1206 4087 et
1235 4025 1306 4086 of

747 4119 834 4180 fer
861 4137 969 4196 pro
998 4120 1305 4180 mundatio

746 4233 822 4274 ne
842 4223 942 4272 tua
970 4215 1117 4275 sicut
1143 4231 1287 4292 prae

746 4307 904 4385 cepit
930 4325 1165 4385 moyses
1232 4317 1299 4366 ut

746 4403 822 4462 sit
848 4401 908 4461 in
932 4403 1322 4462 testimoniu-

744 4494 864 4555 hoc
886 4497 1057 4557 uobis
1078 4527 1093 4544 ·
1119 4528 1134 4544 ·
1178 4496 1223 4531 ¹⁶
1240 4496 1351 4556 Per

746 4589 1083 4652 ambulabat
1108 4600 1307 4654 autem

2307 4514 2442 4556 cum
2469 4498 2581 4558 illis
2609 4508 2774 4558 erant
2800 4499 2892 4560 dis

2304 4593 2648 4653 cumbentes
2671 4625 2686 4640 ·
2707 4626 2792 4640 —
