4373 5048
791 336 916 405 128

468 511 595 561 ποι.
610 515 736 567 180.
784 512 1116 574 clamabant
1144 512 1319 573 dicen

785 618 873 667 tes
893 639 906 654 ·
968 626 1006 667 o
1027 640 1042 655 ·
1105 626 1290 669 sanna

785 698 832 734 ¹⁰
848 701 1187 762 benedictus
1215 702 1317 780 qui

784 796 946 855 uenit
971 796 1032 855 in
1063 798 1304 856 nomine

783 889 886 949 dni
908 922 922 937 ·
994 889 1240 950 benedic

783 994 910 1044 tum
935 983 1099 1061 quod
1125 986 1287 1044 uenit

781 1096 1031 1155 regnum
1058 1078 1118 1136 in
1141 1079 1306 1138 nomi

781 1190 860 1233 ne
889 1172 990 1232 dni
1019 1171 1080 1231 di
1105 1174 1284 1250 patris

781 1266 961 1327 nostri
988 1265 1166 1325 dauid
1185 1298 1199 1315 ·
1224 1300 1306 1311 —
1371 1310 1382 1321 ·

783 1358 841 1421 Ο
862 1392 877 1407 -
923 1377 1111 1420 sanna
1138 1361 1198 1419 in
1227 1360 1394 1421 excel

781 1454 864 1513 εἰς
913 1439 1062 1489 finem
1093 1486 1106 1500 ,

781 1548 867 1607 uit
891 1546 1283 1625 hierosolyma

781 1642 872 1702 ihs
905 1650 964 1702 et
990 1642 1052 1701 in
1079 1642 1303 1721 templu

779 1735 859 1795 Et
886 1736 1257 1815 circumspici

779 1847 887 1889 ens
914 1847 1124 1891 omnes
1195 1830 1350 1891 Cum

780 1924 900 1983 iam
927 1938 1210 2000 uespuera

779 2027 934 2077 esset
961 2016 1105 2077 hora
1160 2017 1320 2077 Exiit

781 2111 844 2169 in
872 2109 1210 2170 bethaniam

781 2222 920 2263 cum
948 2202 1260 2264 duodecim

781 2296 1080 2375 discipulis
1099 2331 1112 2346 ·
1156 2297 1200 2333 ¹²
1213 2300 1291 2359 Et
1317 2318 1354 2361 a

781 2393 858 2451 lia
886 2392 978 2452 die
1006 2410 1144 2452 cum
1171 2394 1320 2453 ex⁸is

783 2535 873 2586 set
899 2543 935 2585 a
961 2524 1298 2586 bethaniam

782 2619 982 2680 esuriit
1007 2651 1020 2666 ·
1043 2651 1056 2666 ·
1101 2619 1143 2654 ¹³
1161 2639 1298 2681 cum

781 2731 898 2791 que
927 2713 1168 2774 uidisset
1195 2732 1232 2775 a
1258 2715 1360 2776 lon

780 2825 858 2884 ge
886 2806 1064 2866 ficum
1091 2808 1287 2868 haben

782 2909 902 2960 tem
931 2899 1070 2960 solia
1126 2903 1290 2963 uenit

781 2995 951 3072 quasi
979 2995 1225 3054 inuentu

781 3107 882 3148 rus
909 3088 1131 3167 aliquid
1159 3091 1219 3148 in
1248 3089 1288 3150 il

782 3181 840 3242 la
863 3214 876 3229 ·
940 3193 998 3243 et
1027 3201 1164 3242 cum
1191 3187 1362 3245 uenis

782 3287 870 3336 set
896 3277 974 3335 ad
1000 3295 1138 3336 eum

783 3377 844 3428 et
870 3369 1010 3428 nihil
1037 3371 1266 3431 inuenis

781 3472 870 3523 set
897 3464 957 3522 in
989 3482 1062 3524 ea
1129 3465 1238 3526 nisi

779 3556 921 3616 folia
949 3567 1175 3617 tantum
1191 3593 1274 3606 -

779 3667 904 3710 non
931 3651 1088 3711 enim
1117 3663 1239 3712 erat

778 3753 1010 3822 tempus
1032 3745 1241 3804 ficuu-

779 3837 825 3873 ¹⁴
845 3836 1238 3915 Respondens

780 3931 927 3992 dixit
953 3931 1007 3990 ei
1027 3963 1040 3978 ·
1101 3933 1233 3992 Iam
1262 3951 1385 3995 non

779 4024 1032 4102 amplius
1061 4026 1122 4086 in
1149 4046 1219 4088 ae

779 4128 1012 4179 ternum
1036 4122 1169 4200 quis

781 4232 960 4291 quam
989 4215 1176 4276 fructi-1

779 4327 856 4368 ex
883 4320 938 4369 te
966 4311 1284 4371 manducet

1512 512 1558 547 ¹⁸
1573 512 1650 574 Et
1678 514 1924 573 ueniunt
1951 512 2012 573 in
2038 512 2130 573 hie

1510 608 1805 687 rosolyma
1823 642 1838 657 ·
1902 620 1960 668 et
1989 610 2050 667 in

1511 720 1747 779 gressus
1775 702 1864 762 ihs
1893 704 1955 762 in
1977 708 2034 762 te

1512 797 1614 874 plo
1672 798 1867 875 coepit
1893 798 2016 857 eice

1509 909 1572 950 re
1601 892 1926 951 uendentes

1509 994 1568 1044 et
1594 994 1856 1044 ementes
1884 986 1946 1045 in
1975 990 2032 1045 te

1509 1077 1611 1156 plo
1669 1089 1727 1138 et
1753 1097 2002 1139 nummu

1507 1172 1785 1232 lariorum
1847 1182 1906 1233 et
1933 1192 2006 1233 ca

1509 1266 1739 1327 thedras
1767 1285 1886 1326 uen

1508 1359 1770 1420 dentium
1801 1361 2000 1421 colum

1128 1485 1144 1501 ·
1188 1452 1232 1487 ¹¹
1243 1452 1320 1513 Et
1336 1455 1483 1515 intra
1507 1454 1614 1513 bas
1642 1456 1845 1515 euertit
1867 1488 1880 1503 ·
1925 1454 1969 1488 ¹⁶
1985 1466 2044 1515 et

1507 1565 1632 1607 non
1659 1550 1886 1608 sinebat
1944 1558 2011 1608 ut

1507 1642 1824 1721 quisquam
1851 1653 2008 1703 trans

1509 1735 1679 1796 ferret
1705 1754 1812 1795 uas
1840 1755 1945 1815 per

1507 1829 1796 1907 templum
1819 1863 1832 1879 -
1857 1862 1937 1876 —-

1508 1923 1552 1957 ¹⁷
1568 1922 1647 1983 Et
1673 1924 1924 1985 docebat
1952 1923 2154 1985 dicens

1507 2016 1614 2076 illis
1683 2035 1882 2079 nonne

1509 2114 1788 2190 scriptum
1817 2121 1905 2173 est

1509 2205 1720 2265 domus
1737 2222 1870 2265 mea
1885 2204 1966 2266 do

1507 2316 1642 2359 mus
1671 2301 1948 2361 orationis

1507 2393 1812 2453 uocabitur
1840 2411 1944 2454 om

1505 2527 1680 2585 nibus
1708 2527 1976 2604 gentibus
1999 2558 2016 2575 ·

1507 2619 1634 2680 Uos
1663 2631 1859 2680 autem
1883 2621 2025 2682 fecis

1507 2715 1581 2774 tis
1608 2732 1741 2774 eam
1769 2715 1976 2792 spelun

1509 2826 1643 2868 cam
1674 2808 1966 2868 latronum
1985 2841 2004 2857 ·

1511 2899 1555 2935 ¹⁸
1575 2901 1715 2974 Quo
1743 2903 1945 2963 audito
1973 2904 2104 2980 prin

1511 2997 1675 3074 cipes
1703 2996 2010 3057 sacerdotii

1509 3100 1568 3150 et
1597 3093 1820 3152 scribae
1879 3111 2034 3170 quae

1507 3187 1714 3244 rebant
1741 3203 1966 3263 quomo

1506 3278 1588 3338 do
1605 3297 1740 3338 eum
1767 3280 1946 3356 perde

1509 3381 1640 3432 rent
1659 3403 1673 3420 ·
1717 3369 2000 3433 timebant

1508 3465 1668 3525 enim
1695 3483 1832 3526 eum
1856 3498 1870 3514 ·
1930 3475 2116 3544 quoni

1505 3559 1778 3618 uniuersa
1799 3561 1966 3620 turba

1507 3652 1898 3713 admirabatur

1507 3764 1682 3823 super
1698 3748 1965 3808 doctrina

1507 3841 1634 3900 eius
1654 3874 1667 3887 ·
1686 3849 1695 3857 ·
1711 3841 1754 3874 ¹⁰
1773 3841 1851 3901 Et
1877 3861 2016 3903 cum
2043 3863 2150 3906 ues

1508 3953 1648 4013 pera
1675 3934 1828 3996 facta
1855 3947 2010 3997 esset

1506 4031 1911 4106 egrediebatur

1509 4123 1583 4183 de
1605 4125 1835 4184 ciuitate
1856 4157 1869 4171 ·
1893 4156 1907 4172 ·
1930 4158 1943 4173 ·
1987 4123 2033 4160 ²⁰
2049 4125 2126 4186 Et

1507 4235 1644 4277 cum
1673 4219 1937 4278 transiret

1500 4330 1682 4371 mane
1738 4313 2006 4372 uiderunt

725 4431 732 4436 ·
779 4400 857 4460 Et
877 4403 1192 4464 audiebant
1212 4404 1480 4482 discipuli
1507 4407 1774 4466 arborem
1800 4407 1895 4468 fici

1317 4499 1444 4560 eius

2159 336 2369 401 SEC·
2396 368 2413 387 ·

2318 513 2539 573 aridam
2563 512 2775 573 factam

2318 626 2354 667 a
2382 608 2674 667 radicibus
2698 640 2711 655 ·
2754 604 2797 640 ²¹
2816 607 2895 667 Et

2318 712 2743 762 rememoratus

2318 808 2515 873 petrus
2542 797 2623 855 ait
2644 796 2721 855 illi
2742 828 2755 843 ·

2278 936 2287 947 .
2318 888 2514 949 Rabbi
2570 908 2711 949 ecce
2738 891 2901 950 arbor

2317 1001 2499 1060 quam
2526 984 2777 1043 maledix

2316 1077 2411 1135 isti
2439 1078 2589 1136 aruit
2608 1110 2621 1125 ·
2664 1075 2803 1137 ”Et

2314 1170 2679 1249 respondens
2707 1171 2798 1230 ihs

2315 1266 2395 1325 ait
2424 1265 2532 1324 illis
2591 1265 2804 1325 habete

2316 1359 2491 1419 fidem
2520 1360 2579 1418 di
2600 1392 2613 1406 ·
2658 1358 2702 1393 ¹¹⁸
2717 1359 2917 1421 Amen

2314 1454 2473 1514 enim
2503 1453 2638 1513 dico
2664 1454 2837 1513 uobis

2314 1548 2452 1627 quia
2478 1547 2835 1625 quicumque

2316 1642 2522 1702 dixerit
2550 1641 2685 1701 huic
2715 1659 2859 1700 mon

2311 1736 2356 1795 ti
2385 1735 2581 1796 tollere
2643 1746 2702 1796 et
2730 1736 2837 1795 mit

2312 1840 2433 1891 tere
2462 1831 2521 1890 in
2552 1848 2713 1890 mare
2731 1863 2747 1879 ·

2312 1934 2370 1985 et
2398 1942 2523 1984 non
2550 1923 2847 1985 haesitaue

2312 2020 2386 2078 rit
2411 2020 2472 2077 in
2501 2018 2678 2079 corde
2706 2037 2815 2079 suo

2314 2112 2418 2173 sed
2446 2112 2753 2173 crediderit

2312 2206 2450 2285 quia
2508 2224 2658 2284 quae
2687 2206 2746 2266 di

2312 2303 2391 2359 cit
2419 2310 2587 2359 erunt
2608 2332 2621 2347 ·
2688 2299 2783 2358 fiet
2810 2299 2851 2359 il

2312 2392 2351 2453 li
2410 2392 2829 2472 quodcumque

2313 2524 2519 2587 dixerit
2544 2557 2557 2573 ·
2584 2559 2595 2572 ·
2620 2558 2633 2573 ·
2678 2522 2721 2560 ²¹
2738 2545 2887 2605 prop

2309 2629 2469 2680 terea
2501 2621 2635 2681 dico
2663 2622 2833 2682 uobis

2309 2715 2511 2775 omnia
2538 2733 2690 2794 quae
2720 2733 2867 2776 oran

2310 2817 2397 2868 tes
2423 2810 2616 2886 petitis
2640 2841 2653 2856 ·
2716 2811 2870 2870 credi

2310 2913 2367 2963 te
2396 2905 2535 2981 quia
2562 2905 2784 2982 accipie

2312 2997 2385 3056 tis
2444 3007 2502 3056 et
2531 2997 2628 3056 fiet
2654 2999 2826 3058 uobis
2849 3031 2864 3047 ·

2310 3091 2359 3126 ²³
2376 3090 2454 3149 Et
2481 3109 2617 3151 cum
2646 3093 2869 3154 stabitis

2313 3185 2389 3244 ad
2415 3187 2741 3245 orationem
2764 3219 2779 3234 ·

2312 3279 2575 3338 dimittite
2602 3281 2651 3339 si
2680 3281 2822 3359 quid

2313 3373 2538 3432 habetis
2566 3375 2748 3435 aduer

2312 3485 2413 3526 sus
2442 3467 2692 3545 aliquem
2710 3501 2725 3516 ·

2313 3571 2377 3618 ut
2403 3571 2460 3620 et
2486 3573 2648 3638 pater
2674 3565 2776 3640 qui
2802 3565 2862 3624 in

2311 3655 2451 3716 celis
2477 3667 2566 3716 est
2600 3657 2764 3718 dimit

2312 3759 2394 3809 tat
2422 3751 2592 3811 uobis
2620 3751 2827 3813 delicta

2310 3855 2504 3904 uestra
2524 3878 2537 3895 ο
2581 3847 2625 3880 ²⁶
2645 3847 2807 3924 quod

2312 3941 2361 3999 si
2388 3957 2499 3999 uos
2529 3957 2651 3998 non
2681 3941 2825 4001 dimi

2311 4035 2497 4094 seritis
2527 4067 2540 4080 ·
2604 4053 2716 4096 nec
2744 4053 2822 4113 pa

2311 4136 2397 4186 ter
2424 4139 2614 4188 uester
2674 4132 2777 4207 qui

2313 4222 2373 4280 in
2404 4223 2578 4282 caelis
2606 4233 2692 4283 est
2720 4225 2778 4283 di

2311 4316 2497 4374 mittet
2522 4317 2693 4376 uobis
2720 4337 2831 4395 pec

2312 4419 2442 4470 cata
2468 4419 2662 4470 uestra
2684 4437 2766 4466 „e-

3476 342 3595 408 [Χῖ.
3614 359 3781 412 9-33.

3022 510 3051 543 *
3072 510 3116 546 *¹
3132 510 3211 571 Et
3238 512 3399 571 uenit
3427 512 3571 572 iteri-1

3020 606 3050 640 *
3070 605 3459 683 hierosolyma

3022 695 3053 732 *
3072 712 3131 761 et
3158 702 3219 760 in
3248 701 3467 777 templo
3494 706 3571 760 οῦ

3025 791 3054 825 ¹¹¹
3074 796 3397 855 ambularet
3420 827 3434 841 ·
3456 827 3469 841 ·

3071 890 3379 950 Accedunt
3406 889 3483 949 ad
3511 896 3589 949 eft

3072 984 3368 1061 principes
3394 994 3550 1042 sacer

3071 1076 3275 1137 dotum
3303 1085 3359 1135 et
3388 1076 3501 1136 scri

3069 1170 3181 1229 bae
3242 1180 3300 1229 et
3326 1171 3585 1231 seniores

3068 1260 3111 1296 '⁸
3132 1264 3208 1323 Et
3235 1264 3434 1323 dicunt
3462 1264 3537 1323 illi
3564 1265 3625 1323 in

3069 1374 3185 1434 qua
3214 1366 3497 1434 potestate

3068 1450 3179 1510 hec
3207 1450 3349 1509 facis
3375 1461 3434 1511 et
3461 1452 3589 1528 quis

3066 1544 3170 1604 tibi
3197 1543 3353 1603 hanc
3381 1556 3555 1622 potes

3066 1647 3245 1697 tatem
3275 1638 3433 1697 dedit
3458 1650 3523 1697 ut

3065 1733 3177 1793 ista
3202 1732 3381 1793 facias
3401 1765 3416 1780 ·
3460 1729 3505 1765 ²⁹
3522 1732 3617 1793 ihs

3066 1837 3260 1887 autem
3288 1844 3503 1905 respon

3067 1920 3214 1980 dens
3242 1922 3321 1979 ait
3348 1921 3458 1981 illis
3478 1952 3492 1967 ·
3550 1921 3615 1981 in

3065 2016 3377 2092 terrogabo
3404 2033 3515 2074 uos

3064 2120 3124 2169 et
3150 2126 3263 2185 ego
3290 2110 3535 2168 uerbum
3561 2128 3602 2167 u

3065 2220 3209 2261 num
3234 2203 3525 2279 responde

3064 2306 3121 2355 te
3150 2296 3289 2355 mihi
3307 2328 3321 2342 ·
3386 2307 3445 2356 et
3472 2296 3665 2355 dicam

3062 2390 3233 2449 uobis
3292 2390 3354 2447 in
3382 2406 3499 2467 qua
3523 2400 3695 2467 potes

3061 2531 3179 2580 tate
3206 2519 3355 2582 haec
3380 2520 3533 2582 facio
3552 2555 3569 2570 ·

3060 2615 3105 2650 ⁸⁰
3123 2615 3423 2693 Baptisma
3449 2616 3721 2677 iohannis

3061 2709 3136 2770 de
3165 2710 3331 2770 caelo
3358 2721 3479 2771 erat
3506 2729 3585 2771 an
3612 2731 3689 2772 ex

3061 2804 3395 2864 hominibus
3451 2823 3639 2882 repon

3061 2898 3191 2957 dete
3220 2897 3363 2956 mihi
3385 2931 3398 2945 ·
3444 2898 3485 2932 ⁸¹
3504 2901 3583 2959 At
3612 2899 3691 2959 illi

3062 2993 3399 3068 cogitabant
3426 2995 3577 3054 inter

3060 3103 3124 3144 se
3152 3087 3414 3146 dicentes
3471 3089 3521 3146 si
3550 3088 3651 3148 dix

3063 3180 3277 3242 erimus
3306 3181 3379 3240 de
3405 3183 3571 3242 caelo

3062 3273 3215 3333 dicet
3242 3276 3413 3334 nobis
3440 3294 3619 3353 quare

3061 3386 3185 3428 non
3213 3370 3531 3430 credidistis
3557 3371 3599 3429 il

3060 3461 3135 3520 li·
3178 3460 3223 3496 ⁸⁸
3238 3463 3287 3523 si
3313 3464 3629 3525 dixerimus

3063 3574 3135 3616 ex
3163 3557 3495 3619 hominibus
3552 3561 3596 3619 ti

3062 3669 3289 3712 memus
3318 3654 3549 3732 plebem
3580 3685 3598 3701 ·

3064 3745 3291 3807 Omnes
3320 3751 3479 3808 enim
3508 3753 3627 3812 scie

3061 3841 3203 3900 bant
3230 3844 3547 3904 iohannem
3576 3846 3713 3925 quia

3061 3954 3197 3995 uere
3225 3938 3452 4015 profeta
3480 3950 3602 4000 erat
3626 3972 3641 3987 ·

3058 4031 3105 4064 ⁸⁸
3121 4030 3200 4090 Et
3225 4033 3649 4108 respondentes

3059 4125 3260 4185 dicunt
3280 4128 3357 4187 ad
3378 4127 3501 4186 ihm
3560 4145 3637 4187 ne

3062 4221 3279 4281 scimus
3303 4255 3317 4268 ·
3379 4231 3437 4281 et
3456 4233 3664 4301 respon

3062 4317 3209 4376 dens
3236 4316 3328 4376 ihs
3356 4317 3436 4376 ait
3462 4317 3569 4376 illis

3062 4429 3251 4488 neque
3279 4429 3393 4490 ego
3422 4413 3591 4471 uobis

3803 522 3931 569 1⁸01.
3952 522 4083 575 18¹1.
