4373 5048
593 381 735 430 vm.
764 374 981 443 10-35.]

300 554 427 605 ποι.
449 555 569 608 10⁶7.
594 538 765 600 uobis
794 539 991 598 datum
1023 544 1111 594 est

594 634 743 693 scire
771 632 1049 709 mysterifi

594 728 759 804 regni
789 726 846 785 di
866 757 881 772 ·
948 720 1171 783 Ceteris

596 832 793 881 autem
822 821 881 877 in
908 818 1133 897 parabo

592 914 663 975 lis
690 924 753 973 ut
780 914 1044 973 uidentes

596 1027 719 1068 non
748 1008 985 1067 uideant
1008 1036 1021 1053 ·
1084 1005 1163 1064 Et
1190 1022 1267 1064 au

595 1103 819 1163 dientes
848 1118 973 1159 non
999 1099 1134 1159 intel

595 1196 824 1273 legant·
849 1227 861 1241 ·
885 1226 899 1242 ·
944 1190 989 1225 ¹¹
1004 1193 1113 1253 Est
1140 1210 1221 1251 au·

594 1300 713 1349 tem
742 1288 887 1349 haec
917 1287 1195 1365 parabola
1213 1317 1228 1332 ·

599 1383 813 1444 Semen
840 1392 927 1442 est
953 1384 1135 1441 uerbfi

597 1478 656 1538 di
674 1509 687 1523 ·
731 1474 776 1509 ²²
794 1477 895 1555 qui
922 1486 1117 1535 autem
1146 1492 1209 1535 se

595 1589 700 1631 cus
728 1572 886 1629 uiam
914 1568 973 1628 hi
996 1578 1133 1627 sunt

596 1666 695 1743 qui
724 1665 967 1723 audiunt
1032 1664 1193 1723 uenit

596 1768 791 1818 autem
820 1758 1088 1817 diabolus
1108 1790 1123 1804 ·

596 1852 674 1911 Et
699 1852 862 1912 tollet
890 1850 963 1911 de
990 1850 1167 1911 corde

596 1946 823 2006 illorum
850 1946 1095 2004 uerbum
1114 1976 1129 1991 ·

597 2040 691 2099 Ne
720 2041 1019 2100 credentes
1048 2039 1192 2098 salui

596 2133 739 2192 fiant
762 2164 775 2179 ·
798 2164 812 2179 ·
842 2130 886 2166 ¹⁸
904 2130 1063 2191 Nam
1092 2134 1191 2211 qui

598 2245 775 2303 supra
796 2235 1019 2304 petram
1043 2258 1057 2271 ·
1119 2227 1180 2285 hi

595 2331 729 2380 sunt
748 2352 763 2367 ·
823 2322 922 2397 qui
951 2338 1087 2379 cum
1114 2320 1249 2379 audi

594 2415 741 2473 erint
767 2432 901 2473 cum
930 2412 1146 2491 gaudio

596 2508 886 2585 accipiunt
912 2508 1155 2567 uerbum

598 2649 656 2698 et
684 2639 743 2697 hi
771 2638 994 2698 radices
1022 2657 1145 2698 non
1172 2639 1251 2698 ha

596 2733 737 2792 bent
766 2733 896 2811 quia
925 2734 999 2792 ad
1027 2743 1257 2810 tempus

597 2826 841 2886 credunt
908 2835 965 2886 et
991 2827 1053 2884 in
1080 2837 1281 2904 tempo

596 2937 658 2980 re
684 2921 1077 2998 temptationis
1104 2939 1166 2980 re

597 3015 843 3073 cedunt·
904 3014 945 3047 ¹⁴
962 3013 1123 3092 quod
1142 3019 1275 3074 aute

596 3106 657 3166 in
684 3108 866 3185 spinis
893 3108 1099 3168 cecidit
1118 3139 1133 3154 ·

598 3199 683 3258 Hi
712 3212 846 3261 sunt
874 3202 972 3280 qui
999 3202 1238 3260 audiunt

596 3305 655 3353 et
682 3313 717 3354 a
745 3295 1224 3354 sollicitudinibus
1244 3326 1257 3341 ·

594 3397 653 3448 et
677 3389 888 3448 diuitiis
952 3397 1010 3448 et
1035 3389 1213 3467 uolup

594 3483 805 3542 tatibus
830 3484 982 3542 uitae
1008 3494 1213 3543 euntes

596 3577 765 3635 simul
793 3577 1151 3652 soffucantur

596 3678 656 3728 et
683 3688 806 3730 non
832 3671 1125 3731 refaerunt

597 3763 849 3824 fructum
868 3795 883 3811 ·
904 3796 919 3811 ·
950 3764 995 3799 ¹³
1012 3764 1175 3843 quod

598 3868 790 3917 autem
820 3859 879 3916 in
908 3861 1129 3918 bonam
1156 3869 1243 3918 ter

598 3969 724 4009 ram
748 3983 763 3998 ·
821 3951 881 4011 hi
908 3962 1043 4011 sunt
1069 3953 1168 4030 qui
1194 3953 1257 4012 in

596 4046 773 4105 corde
800 4047 962 4105 bono
990 4047 1203 4106 audien

594 4147 681 4198 tes
706 4141 949 4198 uerbum
977 4141 1229 4200 retinent

593 4243 651 4292 et
680 4233 929 4293 fructum
957 4235 1225 4294 adferunt

592 4343 697 4403 per
721 4328 1103 4404 patitientiam
1123 4359 1139 4374 ·

594 4418 697 4478 ιοΝ
705 4439 840 4480 emo
858 4431 1049 4480 autem
1063 4422 1296 4482 lucerna

592 4531 900 4574 accensam
928 4517 1115 4592 operit

591 4625 735 4668 uaso
753 4640 767 4656 ·
830 4619 931 4668 aut
958 4611 1159 4668 subtus

1926 360 2276 423 LUCAN-

1345 533 1558 594 lectum
1586 532 1751 610 ponit
1772 563 1787 578 ·
1848 530 1951 590 sed

1346 645 1522 705 supra
1548 626 1899 686 candelaer

1346 722 1514 800 ponit
1545 731 1608 779 ut
1636 722 1915 779 intrantes

1346 815 1580 875 uideant
1601 815 1799 873 lumen
1818 846 1831 861 ·
1866 813 1911 847 ¹⁷
1928 832 2050 873 non

1346 910 1504 969 enim
1531 919 1618 969 est
1647 909 1943 967 occultum

1348 1003 1510 1081 quod
1538 1021 1659 1061 non
1688 1002 1993 1077 manifeste

1346 1106 1439 1156 tur
1457 1128 1472 1143 ·
1533 1115 1641 1156 nec
1670 1095 1953 1155 abscondi

1346 1200 1471 1249 tum
1498 1191 1610 1250 nisi
1636 1207 1936 1267 cognosca

1347 1294 1438 1343 tur
1465 1294 1522 1343 et
1548 1286 1609 1341 in
1636 1285 1832 1360 palam
1860 1282 1993 1341 ueni

1349 1388 1409 1439 at
1427 1410 1441 1426 ·
1492 1378 1757 1438 ¹⁸Uidete
1784 1395 1905 1455 quo
1932 1395 2033 1435 mo

1350 1472 1429 1533 do
1458 1472 1701 1531 audiatis
1724 1503 1739 1518 ·
1802 1471 1901 1548 qui
1928 1477 2023 1530 eni

1348 1567 1523 1625 habet
1552 1565 1781 1624 dabitur
1808 1564 1885 1623 illi
1908 1595 1921 1610 ·
1970 1564 2049 1622 Et

1347 1661 1699 1739 quicumque
1726 1676 1847 1717 non
1874 1657 1953 1716 ha

1348 1756 1446 1813 bet
1466 1784 1481 1801 ·
1546 1754 1719 1812 etiam
1746 1751 1907 1830 quod
1933 1770 2016 1829 pu

1346 1856 1429 1905 tat
1457 1865 1520 1906 se
1548 1858 1742 1906 tenere
1772 1846 1963 1905 aufere

1348 1950 1439 1999 tur
1461 1942 1536 1999 ab
1553 1958 1628 1999 eo
1653 1969 1666 1986 ·
1703 1938 2049 1999 ¹⁸Uenerant

1347 2044 1542 2095 autem
1570 2034 1645 2093 ad
1673 2034 1833 2092 illum
1864 2052 1963 2092 ma

1346 2138 1433 2188 ter
1459 2138 1517 2187 et
1544 2128 1745 2188 fratres
1774 2128 1897 2186 eius
1916 2158 1931 2174 ·

1347 2234 1404 2283 et
1429 2240 1551 2282 non
1579 2230 1847 2299 poterant
1873 2222 1969 2280 adi

1346 2335 1407 2376 re
1435 2317 1511 2375 ad
1540 2334 1673 2375 eum
1702 2335 1805 2394 pre
1833 2318 1995 2375 turba
2013 2347 2027 2363 ·

1348 2406 1395 2441 ’⁰
1410 2409 1757 2468 Nuntiatum
1788 2420 1874 2468 est
1902 2415 2034 2469 aute

1349 2503 1427 2563 illi
1455 2505 1591 2582 quia
1618 2513 1804 2562 mater
1829 2513 1927 2563 tua

1349 2645 1408 2695 et
1434 2635 1635 2696 fratres
1660 2635 1744 2693 tui
1772 2645 1929 2694 stant

1348 2727 1489 2788 foris
1516 2729 1780 2787 uolentes
1808 2738 1867 2788 te

1347 2823 1545 2882 uidere
1570 2853 1585 2868 ·
1642 2819 1688 2854 ¹¹
1706 2823 1917 2900 quibus

1346 2915 1709 2994 respondens
1747 2917 1889 2975 dixit

1348 3021 1531 3070 mater
1556 3029 1689 3069 mea
1718 3020 1775 3069 et
1804 3011 1889 3069 fra

1350 3115 1465 3164 tres
1494 3105 1612 3162 mei
1640 3105 1699 3162 hi
1728 3113 1861 3164 sunt

1350 3200 1449 3275 qui
1478 3199 1722 3257 uerbum
1752 3199 1813 3257 di
1839 3216 1915 3257 au

1349 3292 1515 3350 diunt
1543 3299 1599 3349 et
1627 3291 1846 3350 faciunt
1865 3318 1877 3331 ·
1902 3318 1985 3344 „e-

1297 3382 1327 3416 *
1350 3387 1395 3420 ²²
1412 3386 1655 3446 Factum
1685 3394 1771 3444 est
1798 3396 1991 3446 autem

1297 3478 1327 3512 *

1350 3480 1411 3538 in
1438 3498 1556 3539 una
1584 3481 1807 3539 dierum

1349 3588 1409 3638 et
1435 3579 1560 3656 ipse
1588 3578 1851 3637 ascendit
1876 3578 1938 3638 in

1349 3673 1682 3732 nauiculam
1710 3681 1769 3731 et
1797 3673 1887 3731 dis

1348 3767 1527 3845 cipuli
1556 3767 1680 3826 eius
1700 3796 1715 3813 ·
1776 3774 1833 3824 et
1862 3767 1941 3826 ait

1348 3861 1425 3919 ad
1452 3859 1581 3919 illos
1602 3891 1615 3906 ·
1678 3868 1909 3919 transea

1348 3971 1480 4012 mus
1509 3963 1667 4012 trans
1695 3958 1907 4030 stagnfl

1348 4057 1406 4107 et
1425 4048 1767 4106 leuauerunt
1786 4077 1801 4093 ·

1348 4141 1392 4175 ²⁸
1408 4140 1465 4199 N
1470 4140 1834 4218 auigantibus
1862 4147 1994 4200 aute

1346 4231 1457 4293 illis
1483 4235 1797 4294 obdormiit
1820 4266 1835 4281 ·
1890 4235 1969 4294 Et

1347 4328 1646 4388 descendit
1673 4329 1871 4405 procel

1346 4422 1403 4480 la
1432 4423 1590 4481 uenti
1613 4453 1628 4468 ·
1688 4422 1767 4480 Et
1794 4421 1972 4499 imple

1346 4519 1511 4575 batur
1536 4535 1571 4575 a
1599 4516 1871 4575 fluctibus

1344 4610 1613 4669 nauicula
1682 4621 1739 4670 et
1767 4629 1905 4688 pere

2151 529 2494 589 clitabantur
2511 560 2526 577 ·
2589 526 2632 562 ²⁴
2651 546 2792 588 acce

2151 622 2355 683 dentes
2371 631 2578 705 ¹autern
2605 640 2704 681 sus

2152 717 2475 775 citauerunt
2500 734 2636 774 eum

2153 810 2413 869 dicentes
2431 841 2446 855 ·
2507 828 2760 887 praecep

2152 914 2242 963 tor
2270 912 2614 980 praeceptor
2635 935 2650 950 ·

2152 998 2410 1074 perimus
2429 1028 2444 1043 ·
2503 996 2584 1053 At
2621 996 2715 1055 ill'e

2154 1108 2398 1167 surgens
2426 1091 2666 1167 increpa

2152 1185 2234 1242 uit
2260 1193 2440 1243 uento
2511 1193 2568 1242 et
2593 1194 2712 1242 tem

2151 1278 2363 1355 pestati
2389 1295 2578 1355 aquae
2603 1309 2616 1324 ·
2678 1287 2737 1337 et
2765 1288 2856 1337 c0s

2151 1381 2422 1430 sauerunt
2442 1397 2455 1411 ·
2515 1379 2573 1429 et
2598 1369 2691 1430 fac
2733 1426 2742 1437 ,

2148 1473 2209 1523 ta
2235 1474 2323 1523 est
2353 1464 2640 1541 tranquilli
2757 1456 2766 1463 ’

2148 1567 2238 1617 tas
2258 1590 2273 1605 ·
2333 1556 2376 1589 ²⁵
2394 1557 2558 1617 Dixit
2584 1566 2784 1617 autem

2149 1652 2260 1711 illis
2328 1653 2426 1710 ubi
2455 1660 2543 1711 est
2571 1651 2716 1711 fides

2150 1755 2342 1806 uestra
2359 1776 2374 1793 ·
2439 1756 2496 1805 et
2523 1746 2706 1804 timen

2150 1849 2238 1897 tes
2266 1839 2455 1897 mirati
2477 1849 2609 1897 sunt

2150 1933 2482 1992 adinuicem
2512 1932 2684 1991 dicen

2150 2038 2237 2086 tes
2261 2058 2276 2073 ·
2335 2028 2465 2105 quis
2493 2036 2581 2085 est
2607 2026 2702 2086 hic

2150 2120 2311 2198 quod
2341 2130 2398 2180 et
2423 2120 2612 2179 uentis
2640 2121 2722 2177 im

2150 2223 2315 2290 perat
2343 2222 2402 2273 et
2427 2214 2574 2272 mari
2601 2222 2658 2273 et

2150 2307 2474 2367 obaudiunt
2499 2308 2552 2367 ei
2575 2340 2589 2353 ·
2637 2305 2680 2340 ¹⁶
2695 2306 2829 2367 Ena

2151 2402 2496 2477 uigauerunt
2522 2406 2653 2460 aut}

2154 2494 2231 2554 ad
2258 2495 2558 2573 regionem
2586 2513 2726 2572 gera

2154 2644 2430 2687 senorum
2459 2645 2612 2704 quae
2639 2637 2728 2686 est

2153 2731 2317 2780 trans
2343 2730 2548 2780 contra
2575 2721 2694 2798 gali

2154 2814 2311 2873 leam
2331 2845 2346 2861 ·
2393 2813 2436 2846 ²⁷
2455 2824 2671 2873 etcum
2692 2832 2857 2892 egres

2155 2925 2254 2967 sus
2281 2917 2432 2966 esset
2461 2907 2536 2965 ad
2565 2917 2776 2967 terram

2154 3003 2406 3061 occurrit
2432 3001 2512 3060 illi
2539 3002 2628 3060 uir
2655 3002 2756 3079 qui

2156 3095 2295 3154 dam
2324 3095 2396 3155 de
2425 3095 2654 3154 ciuitate
2678 3126 2694 3143 ·

2155 3189 2257 3267 qui
2285 3189 2538 3249 habebat
2565 3187 2741 3249 demo

2155 3295 2318 3353 nium
2346 3285 2702 3372 temporibus

2154 3389 2350 3446 multis
2415 3388 2494 3447 Et
2526 3389 2673 3447 uesti

2154 3492 2416 3541 mentum
2445 3499 2566 3541 non
2594 3481 2737 3542 indu

2156 3577 2357 3635 ebatur
2375 3607 2390 3622 ·
2449 3593 2524 3635 ne
2555 3594 2746 3654 neque

2154 3670 2218 3728 in
2245 3669 2424 3728 domo
2453 3671 2730 3728 manebat

2155 3763 2260 3822 sed
2288 3765 2349 3821 in
2377 3763 2773 3822 monumentis
2794 3788 2807 3802 ·

2154 3857 2260 3916 ”Is
2280 3867 2342 3917 ut
2357 3857 2501 3916 uidit
2517 3856 2638 3915 ihm
2696 3857 2859 3933 proci

2155 3952 2238 4009 dit
2264 3959 2398 4009 ante
2427 3950 2590 4009 illum
2609 3981 2624 3997 ·
2699 3959 2756 4009 et
2783 3969 2857 4010 ex

2153 4045 2415 4104 clamans
2443 4063 2590 4103 uoce

2086 4143 2089 4146 ’
2154 4157 2369 4216 magna
2400 4138 2544 4197 dixit
2563 4169 2577 4184 ·

2154 4232 2294 4310 quid
2323 4232 2467 4290 mihi
2495 4241 2552 4291 et
2579 4233 2680 4291 tibi

2154 4326 2254 4385 ihu
2282 4326 2362 4383 fili
2390 4326 2450 4383 di
2477 4326 2737 4384 altissimi
2757 4357 2772 4374 ·

2153 4421 2401 4480 obsecro
2429 4428 2485 4479 te
2515 4437 2588 4478 ne
2617 4438 2713 4478 me

2150 4525 2422 4593 torqueas
2441 4544 2455 4560 ·
2517 4514 2564 4548 ¹⁹
2580 4533 2720 4590 prae

2151 4609 2404 4687 cipiebat
2431 4607 2588 4666 enim
2619 4607 2836 4684 spiritui

3523 358 3606 443 85

2905 528 3192 591 inmundo
3218 540 3282 590 ut
3309 531 3490 591 exiret

2905 625 2984 683 ab
3009 624 3247 685 homine
3267 658 3282 672 ·
3342 626 3538 686 multis

2905 719 3064 777 enim
3093 720 3451 796 temporibus

2905 822 3137 889 ruperat
3165 813 3325 871 illum
3347 844 3362 859 ·
3425 831 3566 873 nam

2905 906 3134 966 uinctus
3162 907 3426 967 cathenis

2905 1009 2963 1059 et
2990 998 3350 1077 conpedibus
3379 1019 3485 1061 cus

2905 1093 3229 1153 todiebatur
3251 1125 3266 1141 ·
3325 1102 3384 1153 et
3409 1114 3519 1172 rup

2904 1188 2978 1245 tis
3006 1187 3252 1246 uinculis
3279 1189 3467 1266 ageba

2907 1290 2998 1339 tur
3026 1299 3062 1339 a
3090 1281 3368 1341 demonio
3398 1282 3459 1339 in
3486 1282 3546 1341 lo

2907 1392 2981 1433 ca
3006 1374 3232 1433 deserta
3251 1405 3266 1421 ·
3325 1374 3371 1407 ⁸⁰
3389 1374 3548 1434 Inter

2905 1468 3134 1544 rogauit
3161 1477 3355 1527 autem
3383 1468 3484 1528 illu

2907 1560 2997 1619 ihs
3025 1561 3186 1639 quod
3213 1562 3316 1621 tibi
3345 1567 3522 1622 nome

2907 1664 2995 1714 est
3060 1664 3119 1713 at
3141 1655 3232 1713 ille
3254 1656 3398 1714 dixit
3414 1655 3568 1735 legio
3588 1681 3602 1697 ·

2906 1754 3049 1827 qt‘im
3078 1749 3438 1807 intrauerunt
3465 1749 3538 1808 de

2905 1843 3105 1901 monia
3133 1842 3316 1901 multa
3342 1843 3404 1901 in
3424 1861 3498 1903 eo
3517 1874 3534 1890 ·

2905 1934 2947 1968 ⁸¹
2969 1944 3025 1995 et
3053 1938 3341 2012 rogabant
3369 1936 3470 1995 illii
3489 1968 3506 1983 ·

2906 2048 2983 2089 ne
3013 2030 3322 2106 imperaret

2895 2123 3014 2182 illis
3036 2134 3098 2182 ut
3124 2125 3186 2182 in
3213 2125 3426 2201 abyssu

2905 2220 3090 2277 irent·
3153 2215 3198 2251 ⁸¹
3213 2218 3356 2278 Erat
3382 2228 3580 2279 autem

2904 2314 2986 2371 ibi
3013 2330 3156 2389 grex
3183 2330 3367 2390 porco

2905 2424 3037 2464 rum
3064 2406 3380 2465 multorum

2907 2495 3350 2582 pasce[n]tium·
3378 2500 3613 2580 Etroga

2909 2641 3120 2690 uerunt
3145 2631 3305 2690 illum
3331 2641 3394 2690 ut
3423 2632 3482 2690 in

2909 2725 3036 2784 illos
3062 2727 3209 2784 irent
3276 2734 3336 2784 et
3361 2726 3547 2803 permi

2910 2819 2984 2877 sit
3010 2818 3119 2878 illis
3145 2850 3158 2866 ·
3225 2818 3270 2852 ⁸⁸
3287 2821 3552 2879 exierunt

2909 2922 3104 2972 autem
3131 2913 3406 2973 demonia
3433 2915 3509 2973 ab

2908 3006 3148 3066 homine
3218 3016 3276 3066 et
3302 3007 3526 3067 intraue

2909 3111 3043 3159 runt
3069 3102 3130 3160 in
3156 3119 3371 3178 porcos
3397 3110 3455 3160 et

2909 3195 3130 3272 impetu
3157 3197 3296 3254 abiit
3322 3215 3466 3272 grex

2907 3308 3223 3368 porcorum
3249 3309 3352 3367 per
3375 3309 3480 3368 pre

2909 3401 3049 3460 ceps
3077 3384 3138 3441 in
3166 3393 3436 3462 stagnum
3465 3393 3522 3443 et

2910 3477 3174 3538 suffucati
3201 3487 3336 3536 sunt
3353 3509 3368 3524 ·
3425 3477 3472 3512 ⁸⁴
3487 3478 3549 3536 ui

2910 3571 3114 3631 dentes
3142 3583 3336 3632 autem
3364 3572 3467 3651 qui

2909 3667 3231 3741 pascebant
3257 3666 3419 3744 quod
3445 3666 3540 3726 fac

2910 3769 3036 3819 tum
3065 3770 3151 3819 est
3179 3760 3450 3837 fugerunt
3468 3791 3484 3808 ·

2909 3863 2968 3913 et
2994 3855 3468 3913 renuntiauerunt

2909 3948 2972 4007 in
2999 3948 3228 4006 ciuitate
3255 3958 3313 4007 et
3339 3949 3400 4006 in
3424 3947 3504 4007 uil

2909 4040 2996 4101 las
3015 4069 3028 4082 ·
3083 4041 3128 4074 ⁸⁶
3146 4042 3430 4101 Exierunt
3459 4047 3591 4102 aute

2907 4136 3107 4196 uidere
3141 4136 3301 4215 quod
3328 4135 3486 4195 factii

2909 4239 2996 4290 est
3023 4239 3080 4290 et
3105 4240 3390 4290 uenerunt
3417 4229 3493 4288 ad

2909 4325 3032 4384 ihm
3054 4358 3069 4372 ·
3126 4325 3204 4383 Et
3232 4325 3576 4384 inuenerunt

2907 4418 3206 4479 hominem
3235 4417 3475 4477 sedente
3495 4450 3510 4466 ·

2905 4531 2941 4572 a
2968 4531 3088 4592 quo
3115 4512 3388 4572 demonia
3415 4513 3543 4573 exie

2908 4617 3036 4666 rant
3054 4639 3067 4653 ·
3127 4607 3398 4666 uestitum

3629 534 3755 584 1¹01.
3777 536 3902 585 100.
