4373 5048
631 382 824 434 xvm.
851 378 1038 446 3—31.]

317 546 454 595 ποι
469 547 596 597 139.
629 546 864 607 uindica
895 562 993 605 me
1027 547 1104 605 ab
1132 544 1208 605 ad

629 640 888 700 uersario
923 656 1058 699 meo
1083 671 1098 685 ·
1135 640 1157 671 ⁴
1174 639 1251 698 Et

629 732 865 793 nolebat
897 752 1001 811 per
1026 733 1151 792 mul

629 835 754 886 tum
787 837 1018 905 tempus
1052 860 1134 870 --

631 919 774 981 Post
804 920 915 980 hec
945 932 1140 982 autem
1174 920 1272 980 dix

628 1014 672 1074 it
695 1014 844 1073 intra
871 1032 936 1074 se
1003 1016 1050 1074 si
1084 1015 1186 1074 ἀῶ

624 1126 752 1169 non
779 1109 958 1169 timeo
1025 1120 1084 1169 et
1115 1110 1198 1171 bo

629 1202 850 1261 minem
885 1221 1009 1262 non
1045 1222 1184 1265 reue

627 1312 758 1356 reor
781 1326 798 1343 ·
839 1296 863 1329 ⁸
878 1306 1078 1356 tamen
1107 1299 1242 1376 quia

629 1389 880 1455 molesta
910 1401 998 1451 est
1025 1392 1167 1451 mihi

629 1483 773 1543 haec
806 1485 982 1544 uidua
1013 1487 1176 1545 uindi

629 1580 780 1637 cabo
808 1579 963 1638 illam
998 1598 1072 1639 ne
1107 1581 1167 1639 in

629 1672 949 1733 nouissimo
977 1673 1070 1733 die

629 1768 1040 1828 conueniendo
1072 1788 1190 1829 con

632 1862 876 1939 stringat
911 1878 1008 1921 me
1027 1894 1044 1909 ·
1067 1896 1082 1909 ·

630 1954 652 1989 ⁸
671 1953 834 2014 Dixit
865 1966 1061 2015 autem
1089 1956 1200 2017 d‘r'is

629 2048 822 2108 audite
840 2080 856 2096 ·
924 2050 1064 2127 quid
1091 2052 1150 2110 iu

630 2143 744 2202 dex
776 2144 1088 2221 iniquitatis

628 2237 772 2296 dixit
792 2269 808 2286 ·
850 2238 872 2271 ⁷
890 2238 961 2298 d‘s
994 2243 1125 2297 aute

629 2349 752 2391 non
780 2331 951 2392 saciet
976 2332 1172 2393 uindic

630 2567 750 2617 tam
779 2557 1096 2620 electorum
1130 2577 1201 2620 su

630 2669 800 2711 orum
866 2653 1182 2714 clamantifi

630 2744 724 2805 die
757 2755 816 2806 et
848 2757 1022 2806 nocte
1055 2749 1174 2826 pati

629 2840 847 2899 entiam
874 2840 1098 2900 habens
1126 2843 1187 2899 in

629 2933 739 2992 illis
762 2965 778 2980 ·
823 2935 998 2995 ¹3dico
1033 2936 1206 2996 uobis

630 3029 768 3105 quia
802 3027 974 3088 faciet
1002 3030 1117 3089 cito

626 3121 942 3182 uindictam
970 3124 1136 3184 illoril
1155 3155 1172 3172 ·

628 3215 862 3276 Tamen
891 3218 1038 3277 filius
1065 3218 1230 3279 homi

627 3311 718 3370 nis
752 3313 993 3372 ueniens
1027 3323 1160 3374 nu-

628 3404 769 3482 quid
797 3406 1052 3466 inueniet
1080 3408 1120 3466 fi

626 3499 762 3559 dem
794 3500 854 3558 in
888 3510 1101 3561 terram
1125 3532 1140 3549 ·

627 3592 828 3652 ’Dixit
853 3605 1048 3654 autern
1070 3596 1145 3655 ad
1172 3613 1326 3675 quos

626 3686 764 3745 dam
830 3689 932 3766 qui
966 3689 1072 3747 sibi
1099 3691 1211 3767 ipsi

626 3781 984 3841 confitebant
1015 3793 1138 3842 tam

625 3892 802 3952 quam
823 3876 954 3934 iusti
987 3887 1184 3938 essent
1206 3909 1220 3924 ·

623 3977 682 4026 et
709 3970 1062 4046 spernebant
1089 3989 1160 4030 ce

624 4072 779 4121 teros
846 4063 1142 4123 similitudi

623 4173 761 4214 nem
788 4156 994 4216 istam·
1018 4191 1032 4204 ·
1077 4157 1124 4190 ¹⁰
1137 4158 1279 4219 Duo

623 4247 888 4311 homines
916 4269 1096 4311 ascen

622 4341 828 4404 derunt
853 4345 915 4405 in
943 4345 1216 4424 templu·-

1959 371 2315 434 LUCAN-

1381 554 1448 604 ut
1479 554 1716 604 orarent
1735 576 1752 591 ·
1819 562 1973 603 unus

1384 638 1622 699 fariseus
1647 670 1662 685 ·
1729 647 1787 699 et
1813 656 1968 699 unus

1383 734 1730 811 puplicanus
1754 764 1769 781 ·

1383 826 1428 860 ²¹
1448 827 1622 887 Stans
1649 828 1881 906 itaquae
1909 827 1969 888 fa

1381 923 1602 983 risaeus
1632 923 1716 982 sic
1744 925 1943 983 orabsst

1384 1015 1474 1075 Ds
1501 1016 1710 1094 gratia·
1737 1034 1852 1093 ago
1878 1016 1984 1076 tibi
2005 1048 2022 1063 ·

1384 1110 1520 1189 quia
1548 1128 1670 1170 non
1698 1128 1832 1170 sum
1861 1112 2010 1170 sicut

1382 1206 1557 1264 ceteri
1585 1203 1894 1263 hominum
1911 1235 1928 1251 ·

1380 1307 1644 1375 raptores
1711 1299 1906 1358 iniusti
1929 1330 1945 1345 ·

1383 1392 1627 1452 adulteri
1649 1426 1664 1441 ·
1721 1393 1884 1453 uelut
1909 1411 1944 1452 e

1383 1487 1524 1545 tiam
1551 1485 1646 1549 hic
1675 1487 2022 1565 puplicanus
2045 1517 2060 1534 ·

1382 1577 1430 1613 ¹²
1444 1580 1638 1642 ieiuno
1668 1582 1756 1642 bis
1783 1583 1844 1641 in
1873 1582 2055 1641 sabba

1380 1674 1520 1735 bato
1537 1705 1554 1722 ·
1615 1676 1845 1736 decimo
1865 1676 2065 1736 omnia

1382 1786 1787 1847 quaecumque
1810 1770 1984 1846 adqui

1381 1881 1448 1923 ro
1473 1895 1486 1910 ·
1511 1897 1522 1909 ·
1546 1895 1560 1911 ·
1580 1864 1624 1897 ¹⁸
1639 1865 1718 1924 Et
1735 1864 2082 1942 puplicanus

1382 1957 1622 2036 alonge
1651 1969 1811 2019 stans
1839 1958 1974 2018 nole

1383 2052 1484 2110 bat
1572 2071 1683 2111 nec
1712 2052 1918 2111 oculos
1946 2052 2002 2113 le

1383 2163 1522 2205 uare
1551 2146 1626 2204 ad
1655 2147 1885 2206 caelum
1903 2178 1916 2193 -

1383 2239 1488 2300 sed
1515 2240 1874 2316 percutiebat

1381 2342 1588 2410 pectus
1617 2340 1727 2393 suu
1756 2334 1958 2395 dicens

2188 562 2404 623 pueros
2424 544 2624 605 uenire

2188 639 2264 697 ad
2292 658 2387 699 me
2446 650 2505 699 et
2531 639 2711 698 nolite

2190 751 2294 794 eos
2323 744 2519 793 uetare
2549 765 2565 780 ·
2628 733 2728 793 tali

2188 846 2291 886 um
2319 838 2409 888 est
2436 830 2597 888 enim
2622 848 2729 905 reg

2188 940 2335 981 num
2364 923 2424 982 di
2441 954 2455 970 ·
2478 954 2492 969 ·
2541 922 2589 957 ¹¹⁸
2604 924 2800 983 Amen

2185 1016 2323 1077 dico
2349 1019 2519 1077 uobis
2547 1019 2647 1097 qui

2188 1130 2441 1190 cumque
2469 1130 2590 1172 non
2620 1131 2760 1173 acce

2185 1206 2337 1282 perit
2362 1225 2614 1283 regnum
2642 1206 2705 1267 di

2190 1302 2338 1360 sicut
2364 1319 2507 1378 puer
2534 1319 2659 1360 non
2688 1302 2749 1359 in

2185 1394 2361 1453 trabit
2389 1396 2449 1453 in
2480 1394 2619 1453 illud
2640 1426 2655 1441 ·

2185 1486 2231 1521 ¹⁸
2248 1488 2367 1551 †Et
2392 1488 2767 1566 interrogauit
2794 1496 2869 1549 eii

2185 1583 2425 1659 quidam
2461 1583 2665 1643 dicens
2688 1613 2703 1630 ·

2188 1677 2465 1754 magister
2493 1679 2685 1737 bonae

2188 1770 2331 1847 quid
2359 1770 2630 1831 faciendo
2658 1772 2779 1831 uita

2188 1874 2482 1924 aeternam
2511 1865 2747 1941 posside

2185 1959 2266 2018 bo
2286 1990 2301 2005 ·
2345 1957 2391 1992 ¹⁹
2407 1958 2572 2018 Dixit
2598 1968 2793 2019 autem

2186 2053 2242 2112 ei
2270 2052 2361 2112 ihs
2419 2053 2562 2130 quid
2590 2071 2685 2113 me
2715 2053 2776 2112 di

2185 2147 2271 2205 cis
2298 2148 2523 2207 bonum
2590 2165 2769 2207 nemo

2186 2242 2379 2301 bonus
2406 2241 2519 2299 nisi
2545 2258 2699 2301 unus

2188 2334 2257 2395 ds
2281 2366 2297 2382 ·
2339 2332 2385 2367 ’⁰
2404 2334 2679 2395 mandata
2707 2352 2821 2396 nos

2072 2428 2077 2439 '
2188 2427 2271 2487 ti·
2330 2445 2455 2489 non
2482 2429 2719 2489 occides

1381 2559 1470 2619 Ds
1497 2559 1782 2637 propitius
1810 2569 1939 2620 esto

1379 2653 1525 2712 mihi
1552 2654 1854 2730 peccatori
1873 2685 1890 2700 ·

1379 2745 1425 2779 ¹⁴
1441 2746 1595 2807 Dico
1621 2747 1789 2807 uobis
1817 2749 1956 2827 quia
1976 2746 2080 2807 des

1379 2841 1576 2900 cendit
1604 2841 1699 2900 hic
1727 2841 1964 2919 puplica

1379 2952 1492 2992 nus
1525 2934 1866 2995 iustificatus

1377 3027 1440 3085 in
1468 3028 1712 3088 domum
1741 3047 1908 3088 suam

1379 3123 1568 3198 magis
1594 3141 1773 3200 quam
1803 3123 1896 3182 ille
1924 3123 1982 3184 fa

1376 3233 1560 3275 nseus
1590 3248 1604 3264 ·
1630 3248 1644 3265 ·
1671 3247 1686 3264 ·
1729 3235 1867 3295 quia
1895 3234 1998 3277 om

1375 3309 1468 3368 nis
1496 3311 1595 3387 qui
1624 3328 1685 3370 se
1713 3311 1928 3371 exaltat
1951 3341 1968 3358 ·

1376 3402 1766 3464 humiliabitur
1785 3436 1801 3452 ·
1863 3415 1922 3465 et

1375 3498 1506 3576 quis
1533 3517 1598 3557 se
1626 3498 1888 3558 humiliat
1907 3531 1922 3546 ·
1982 3519 2056 3560 ex

1375 3591 1644 3651 altabitur
1663 3623 1677 3640 ·
1699 3624 1712 3639 ·
1735 3624 1750 3641 ·
1792 3591 1840 3626 ¹³
1857 3594 2012 3653 Adse

1375 3686 1582 3744 rebant
1608 3697 1806 3747 autern
1834 3687 1909 3747 ad
1939 3689 1978 3747 il

1372 3780 1495 3839 lum
1521 3790 1581 3840 et
1606 3780 1856 3842 infantes

1372 3883 1438 3932 ut
1466 3892 1571 3934 eos
1602 3883 1862 3953 tangeret
1881 3907 1898 3924 ·

1374 3967 1535 4044 quod
1551 3979 1672 4028 cum
1688 3969 1951 4030 uiderent
1968 3969 2058 4030 dis

1374 4063 1551 4140 cipuli
1613 4064 1994 4140 increpabant

1373 4156 1502 4216 illos
1524 4189 1539 4203 ·
1582 4155 1627 4190 ¹⁶
1646 4156 1735 4217 ihs
1763 4169 1960 4218 autem

1373 4269 1712 4312 conuocans
1740 4252 1872 4313 illos

1375 4345 1521 4405 dixit
1539 4378 1553 4392 ·
1619 4345 1800 4406 Sinite

2188 2580 2311 2623 non
2338 2561 2680 2621 adulterium
2708 2560 2786 2621 ad

2185 2657 2380 2716 mittes
2436 2674 2559 2714 non
2588 2656 2737 2714 furtfi

2184 2750 2364 2811 facies
2386 2780 2402 2796 ·
2446 2767 2569 2808 non
2599 2748 2745 2808 falsu

2183 2843 2587 2903 testimonium
2615 2842 2775 2903 dices
2800 2875 2814 2892 ·

2183 2936 2413 2996 honora
2440 2947 2666 3014 patrem
2700 2943 2803 2996 tuti

2185 3040 2243 3090 et
2268 3040 2514 3090 matrem
2535 3062 2549 3079 ·
2601 3029 2644 3066 ²¹
2662 3031 2761 3089 Ait
2790 3030 2884 3090 ille

2181 3125 2328 3185 haec
2350 3125 2553 3185 omnia
2578 3125 2867 3184 custodiui

2183 3237 2221 3278 a
2252 3220 2549 3279 iuuentute
2578 3238 2713 3279 mea
2736 3251 2751 3268 ·
2774 3253 2859 3263 —

2179 3310 2225 3345 ²²
2243 3313 2383 3386 Quo
2410 3313 2607 3373 audito
2642 3313 2731 3372 ihs
2758 3315 2838 3374 ait

2181 3407 2375 3467 adhuc
2404 3425 2589 3465 unum
2619 3409 2720 3467 tibi
2747 3408 2823 3468 de

2179 3512 2269 3562 est
2288 3534 2303 3549 ·
2365 3502 2567 3562 omnia
2595 3509 2822 3581 quaeest

2180 3614 2297 3674 que
2326 3595 2509 3655 habes
2536 3596 2733 3656 uende

2179 3699 2239 3748 et
2267 3689 2345 3748 da
2371 3690 2725 3766 pauperibus
2744 3721 2758 3738 ·

2179 3792 2239 3842 et
2265 3783 2509 3842 habebis
2536 3782 2785 3843 thensau

2179 3895 2310 3935 rum
2338 3878 2399 3935 in
2427 3877 2595 3937 caelo
2654 3887 2711 3937 et
2742 3897 2820 3936 ue

2180 3972 2244 4029 ni
2270 3989 2513 4049 sequere
2542 3990 2639 4031 me
2656 4002 2672 4018 ·
2694 4003 2711 4018 ·
2759 3971 2802 4004 ²³
2820 3972 2881 4032 Is

2181 4064 2275 4125 ille
2304 4065 2516 4124 auditis
2544 4066 2763 4126 contris

2180 4169 2335 4218 tatus
2364 4169 2453 4219 est
2477 4191 2489 4206 ·
2552 4160 2687 4238 quia
2715 4159 2880 4220 diues

2179 4263 2303 4314 erat
2328 4253 2499 4312 ualde
2522 4283 2539 4300 ·
2594 4250 2636 4284 ²⁴
2654 4252 2882 4314 Uidens

2179 4358 2379 4407 autem
2406 4347 2572 4407 illum
2600 4347 2691 4407 ihs

2177 4441 2399 4502 tristem
2420 4441 2637 4502 factum
2656 4473 2671 4490 ·
2735 4440 2881 4502 dixit

3520 386 3637 433 101

2940 560 3121 621 quam
3148 540 3379 603 difficile
3406 544 3507 623 qui

2942 638 3225 714 pecunias
3253 637 3475 697 habent

2942 732 3005 789 in
3032 750 3283 808 regnum
3310 733 3370 790 di
3396 732 3547 793 intra

2941 826 3088 884 bunt
3112 856 3127 873 ·
3170 826 3215 861 ’ὅ
3234 826 3457 886 facilius
3486 837 3576 887 est

2941 920 3103 979 enim
3130 921 3419 981 camelum
3456 941 3563 1000 per

2942 1013 3207 1074 foramen
3234 1033 3377 1075 acus
3404 1026 3537 1075 tran

2942 1108 3054 1168 sire
3117 1127 3295 1187 quam
3324 1110 3503 1170 diuite

2942 1201 3003 1259 in
3030 1220 3215 1279 regno
3245 1203 3303 1261 di
3329 1204 3562 1265 introire
3584 1236 3601 1253 ·

2940 1295 2987 1329 ⁸⁸
3002 1295 3291 1356 Dixerunt
3318 1310 3513 1359 autem
3542 1301 3642 1378 qui

2940 1390 3257 1450 audiebant
3280 1422 3295 1439 ·
3354 1402 3414 1452 et
3441 1395 3573 1471 quis

2940 1494 3135 1561 potest
3164 1485 3361 1546 saluus
3394 1488 3515 1547 fieri
3540 1518 3557 1535 ·

2939 1576 3065 1638 ”At
3081 1579 3174 1638 ille
3192 1580 3337 1640 dixit
3354 1612 3369 1629 ·
3408 1601 3561 1659 quae
3579 1584 3641 1643 in

2937 1674 3234 1750 possibilia
3262 1685 3397 1736 sunt
3424 1694 3462 1736 a

2939 1767 3062 1844 pud
3090 1767 3361 1828 homines
3383 1800 3398 1817 ·
3458 1788 3571 1847 pos

2940 1861 3125 1920 sibilia
3153 1872 3289 1921 sunt
3314 1874 3457 1941 aput

2940 1952 3043 2013 dfi'i
3063 1986 3076 2000 ·
3097 1986 3113 2001 ·
3135 1986 3149 2001 ·
3194 1952 3237 1988 ¹⁸
3259 1955 3357 2016 Ait
3384 1967 3583 2017 autem

2941 2057 3139 2125 petrus
3162 2079 3179 2095 ο
3236 2068 3377 2110 ecce
3404 2069 3517 2111 nos

2938 2140 3147 2201 relictis
3175 2144 3451 2204 omnibus

2940 2238 3113 2295 rebus
3140 2238 3353 2297 nostris
3379 2256 3443 2298 se

2940 2331 3055 2388 cuti
3084 2349 3287 2391 sumus
3316 2342 3372 2392 te
3396 2364 3410 2379 ·
3434 2364 3519 2377 --

2938 2419 2984 2456 ⁸⁹
3001 2424 3232 2497 Quibus
3266 2426 3391 2504 ipse
3418 2427 3567 2489 dixit

2937 2557 3134 2617 Amen
3166 2557 3301 2619 dico
3326 2561 3499 2620 uobis
3516 2591 3535 2608 ·

2938 2668 3116 2711 nemo
3143 2661 3231 2711 est
3257 2655 3359 2731 qui
3384 2655 3528 2714 relin

2938 2747 3063 2822 quit
3089 2746 3332 2807 domurn
3355 2779 3370 2796 ·
3435 2760 3534 2809 aut

2935 2849 3208 2916 parentes
3232 2871 3247 2888 ·
3307 2853 3409 2901 aut
3435 2843 3522 2903 fra

2934 2942 3051 2992 tres
3073 2965 3089 2980 ·
3140 2945 3240 2994 aut
3266 2941 3451 2997 uxore

2934 3037 3033 3086 aut
3060 3027 3209 3088 filios
3236 3048 3389 3107 prop

2934 3131 3022 3182 ter
3048 3141 3297 3200 regnum
3324 3124 3384 3183 di
3402 3157 3489 3168 --

2934 3215 2980 3250 ⁸⁰
2996 3217 3096 3295 qui
3125 3236 3247 3278 non
3278 3220 3519 3297 recipiat

2934 3312 3191 3388 septiens
3218 3321 3445 3373 tantum

2934 3405 2995 3463 in
3025 3404 3137 3465 hoc
3166 3415 3431 3484 tempore

2934 3509 2995 3558 et
3022 3499 3083 3558 in
3112 3501 3311 3560 seculo
3338 3511 3523 3562 uentu

2934 3611 3001 3653 ro
3029 3594 3210 3652 uitam
3239 3603 3477 3655 aeterna
3494 3629 3509 3644 ·
3536 3629 3549 3644 ·
3574 3627 3591 3644 ·

2934 3685 2973 3719 ³¹
2995 3687 3295 3747 Adsumsit
3322 3700 3520 3750 autem

2932 3780 3023 3839 ihs
3050 3781 3363 3842 duodecim

2932 3885 2991 3934 et
3020 3877 3097 3934 ait
3125 3877 3201 3935 ad
3230 3876 3359 3937 illos
3379 3909 3395 3924 ·

2931 3988 3071 4029 ecce
3100 3971 3472 4031 ascendimus

2931 4064 3325 4142 hierosolyma
3354 4098 3369 4112 ·
3412 4074 3471 4126 et

2931 4160 3409 4218 consummabun

2929 4263 3021 4311 tur
3047 4254 3245 4312 omnia
3270 4272 3387 4331 que

2930 4349 3145 4424 scripta
3171 4357 3307 4406 sunt
3335 4365 3440 4424 per

2930 4441 3185 4518 profetas
3214 4440 3287 4501 de
3318 4440 3439 4501 filio

3667 550 3794 599 l’ol.
3819 550 3947 599 140·
