4373 5048
615 368 760 420 xm.
791 361 1134 431 16—X1V.7.]
1940 353 2177 416 LUCA
2190 354 2294 415 N·
3548 364 3633 434 95

307 546 448 595 ποι,
470 546 590 597 127.
614 542 796 604 quam
825 522 1080 601 alligauit
1107 540 1174 582 sa
1367 522 1480 582 dr'ie
1510 531 1570 583 et
1597 521 1646 582 si
1666 522 1838 599 pauci
1868 522 1966 601 qui
2174 521 2253 582 Et
2282 523 2623 582 recumbent
2650 522 2709 579 in
2926 538 3051 581 non
3080 539 3175 582 me
3203 499 3479 583 uidebitis
3662 527 3785 576 1⁸01.
3808 526 3932 576 128-

614 630 784 679 tanas
852 636 992 678 ecce
1021 617 1228 676 decem
1368 615 1514 676 salui
1545 618 1688 675 fiunt
1706 648 1720 664 ·
1781 618 1906 694 ipse
2174 634 2360 694 regno
2391 617 2451 676 di
2469 646 2483 662 ·
2546 614 2593 649 ⁸⁰
2609 627 2668 676 et
2694 633 2832 675 ecce
2929 615 3126 675 donec
3151 618 3349 677 ueniat
3377 623 3452 676 cil

615 722 674 773 et
701 724 837 776 octo
863 698 1032 771 annis
1059 728 1184 771 non
1367 722 1566 769 autem
1593 710 1736 771 dixit
1764 712 1841 771 ad
1869 710 1999 771 illos
2175 722 2312 770 sunt
2339 711 2649 770 nouissimi
2929 710 3134 769 dicatis
3162 711 3409 769 benedic

617 806 876 884 oportuit
902 805 1052 864 solui
1366 804 1412 839 '⁴
1427 805 1764 864 contendite
1791 806 1941 864 intra
2175 804 2277 883 qui
2305 813 2471 862 erunt
2499 804 2669 882 primi
2700 835 2715 851 ·
2930 813 3025 863 tus
3053 805 3154 882 qui
3182 806 3344 864 uenit
3370 806 3431 863 in
3460 824 3543 866 no

617 918 654 960 a
679 900 918 959 uinculo
945 899 1056 958 isto
1085 898 1180 959 die
1368 917 1430 957 re
1457 916 1562 975 per
1590 908 1909 976 angustum
2177 910 2236 958 et
2265 908 2401 957 sunt
2428 898 2600 975 primi
2630 899 2730 976 qui
2972 923 3055 952 m
3072 899 3229 957 mine
3258 898 3359 957 dni
3376 924 3459 949 m

618 994 844 1053 sabbati
872 1024 888 1039 ·
914 1024 929 1041 ·
965 990 1010 1026 ¹⁷
1026 993 1103 1052 Et
1132 1009 1271 1052 cum
1367 993 1586 1053 ostium
1605 1024 1618 1039 ·
1682 995 1822 1071 quia
1850 992 1908 1051 di
2177 1002 2347 1051 erunt
2374 992 2677 1051 nouissimi
2700 1022 2713 1039 ·
2883 989 3025 1051 *14
3055 990 3075 1023 ¹
3095 990 3172 1050 Et
3200 991 3418 1052 factum
3444 1003 3537 1053 est

616 1086 764 1147 haec
793 1086 1008 1147 diceret
1029 1117 1045 1133 ·
1088 1104 1190 1146 eru
1369 1103 1444 1146 co
1471 1087 1642 1147 uobis
1669 1087 1834 1146 multi
1862 1104 1977 1165 que
2177 1084 2306 1144 ⁸¹In
2336 1086 2463 1162 ipsa
2492 1085 2583 1144 die
2612 1103 2849 1147 accesso
2880 1084 3070 1143 *cum
3100 1086 3335 1145 intraret

617 1181 936 1240 bescebant
963 1179 1144 1239 aduer
1369 1189 1505 1238 runt
1532 1180 1768 1239 introire
1796 1191 1856 1240 et
2179 1188 2315 1239 runt
2336 1179 2573 1257 quidam
2602 1177 2661 1239 sa
2883 1180 2990 1237 *in
3020 1178 3265 1239 domum
3296 1180 3460 1239 cuius

620 1275 754 1333 sarii
779 1275 904 1333 eius
921 1304 936 1321 ·
997 1285 1057 1334 et
1085 1291 1187 1334 om
1370 1291 1496 1332 non
1523 1282 1837 1350 potuerunt
1854 1304 1869 1321 ·
2179 1274 2461 1333 riseorum
2490 1273 2659 1332 dicen
2880 1271 3062 1330 *dam
3093 1273 3377 1352 principis

621 1368 712 1426 nis
737 1367 996 1444 populus
1022 1385 1138 1445 gau
1371 1364 1416 1399 ²³
1433 1367 1526 1425 Ex
1555 1386 1676 1444 quo
1706 1368 1950 1427 surrexit
1977 1384 2056 1443 pa
2180 1376 2267 1426 tes
2293 1366 2369 1424 illi
2388 1398 2403 1413 ·
2462 1368 2558 1426 exi
2586 1377 2644 1426 et
2670 1366 2821 1427 uade
2934 1365 3309 1426 farisaeorum

621 1461 794 1521 debat
821 1464 884 1520 in
911 1460 1142 1538 praecla
1372 1460 1706 1521 terfamilias
1733 1472 1790 1522 et
1817 1462 1912 1520 clu
2181 1460 2317 1519 hinc
2342 1491 2356 1506 ·
2415 1462 2551 1539 quia
2579 1459 2723 1520 hero
2933 1462 3178 1520 sabbato
3206 1460 3433 1519 mandu

619 1556 700 1615 ris
727 1573 880 1635 quae
907 1555 1171 1615 uiderant
1375 1555 1508 1614 serit
1535 1557 1752 1615 ostium
1770 1587 1784 1601 ·
1846 1556 1926 1615 Et
2181 1553 2288 1612 des
2316 1554 2441 1613 uult
2466 1563 2523 1613 te
2552 1552 2757 1614 occide
2932 1572 3064 1614 care
3092 1573 3309 1631 panem
3330 1586 3344 1601 ·
3399 1553 3477 1613 Et

621 1650 746 1709 fieri
773 1651 851 1709 ab
881 1650 1014 1727 ipso
1038 1683 1051 1698 ·
1073 1682 1158 1695 --
1374 1649 1662 1725 incipietis
1691 1649 1831 1710 foris
2179 1666 2242 1707 re
2268 1678 2282 1693 ·
2331 1645 2451 1707 ⁸’et
2478 1648 2556 1707 ait
2585 1648 2697 1708 illis
2718 1678 2731 1695 ·
2780 1648 2859 1707 ite
2931 1649 3043 1726 ipsi
3069 1650 3457 1709 obseruabant

621 1742 667 1777 ¹⁸
683 1743 934 1804 Dicebat
961 1754 1156 1804 autem
1184 1742 1280 1803 cui
1374 1752 1524 1804 stare
1552 1754 1609 1803 et
1637 1744 1870 1821 pulsare
2181 1740 2355 1801 dicite
2384 1741 2547 1819 uulpi
2576 1742 2655 1800 illi
2675 1773 2689 1789 ·
2932 1761 3069 1803 eum
3088 1774 3103 1790 ·
3162 1742 3279 1803 ’Et
3305 1762 3447 1804 ecce

623 1838 810 1898 simile
837 1849 926 1897 est
953 1844 1143 1914 regnu
1375 1838 1636 1896 dicentes
1655 1868 1671 1883 ·
1734 1837 1848 1897 dfie
1879 1836 1992 1896 dfie
2179 1835 2339 1895 Ecce
2366 1835 2515 1895 eicio
2544 1836 2821 1896 demonia
2931 1836 3115 1896 homo
3143 1836 3394 1916 hydropi

625 1932 685 1990 di
701 1962 716 1978 ·
787 1941 846 1991 et
874 1932 968 1991 cui
995 1931 1182 1992 simile
1374 1931 1533 2007 aperi
1561 1932 1734 1990 nobis
1752 1962 1767 1979 ·
1827 1931 1906 1991 Et
1934 1950 1994 1990 re
2180 1939 2240 1989 et
2268 1931 2541 1991 sanitates
2569 1949 2673 2008 per
2934 1949 3039 1991 cus
3067 1942 3186 1990 erat
3215 1941 3347 1991 ante
3374 1932 3415 1990 il

623 2028 754 2085 esse
781 2025 922 2085 illud
949 2026 1165 2086 extima
1377 2024 1676 2101 spondens
1703 2024 1856 2085 dicet
2179 2024 2317 2083 ficio
2345 2024 2516 2083 hodie
2544 2035 2602 2084 et
2629 2043 2758 2085 cras
2777 2056 2791 2072 ·
2936 2025 3057 2085 lum
3079 2057 3095 2072 ·
3154 2026 3177 2059 ⁸
3193 2026 3273 2085 Et
3299 2044 3517 2104 respon

621 2118 704 2179 bo
727 2150 743 2165 ·
805 2117 852 2151 ¹⁹
869 2117 1066 2178 Simile
1093 2128 1184 2179 est
1377 2118 1578 2177 nescio
1605 2137 1715 2179 uos
1739 2119 1897 2180 unde
2180 2128 2239 2177 et
2267 2119 2434 2177 tertia
2460 2119 2553 2201 die
2584 2137 2701 2178 con
2935 2120 3083 2179 dens
3112 2120 3203 2179 ihs
3229 2119 3305 2178 ad
3332 2120 3477 2196 legis

623 2230 874 2289 granum
903 2213 1136 2290 synapis
1377 2212 1514 2271 estis
1537 2242 1552 2259 ·
1578 2244 1593 2259 ·
1617 2244 1632 2259 ·
1655 2211 1698 2247 ²⁸
1715 2213 1889 2274 Tunc
1917 2214 2032 2273 inci
2179 2229 2443 2271 summor
2466 2244 2481 2259 ·
2506 2244 2520 2259 ·
2543 2212 2587 2245 ⁸⁸
2603 2218 2747 2271 uerii
2934 2214 3151 2291 peritos
3176 2224 3234 2273 et
3262 2214 3367 2273 sari

626 2306 785 2385 quod
812 2316 1060 2383 accepto
1087 2307 1272 2367 horno
1375 2307 1544 2384 pietis
1573 2306 1764 2367 dicere
1789 2338 1802 2354 ·
2179 2315 2377 2366 tamen
2406 2316 2639 2384 oportet
2666 2324 2763 2367 me
2936 2326 3071 2368 seos
3098 2308 3241 2367 dixit
3261 2339 3275 2355 ·
3348 2309 3397 2367 si
3423 2308 3558 2369 licet

625 2437 782 2497 misit
809 2437 869 2496 in
897 2438 1128 2497 hortum
1377 2434 1874 2498 Manducauimus
1903 2456 1975 2499 co
2179 2436 2353 2496 hodie
2380 2449 2439 2498 et
2466 2456 2595 2499 cras
2616 2470 2631 2487 ·
2690 2448 2749 2499 et
2936 2434 3174 2499 sabbato
3203 2458 3405 2499 curare

627 2551 798 2592 suum
854 2544 912 2593 et
941 2535 1124 2593 creuit
1375 2551 1502 2590 ram
1528 2543 1586 2592 te
1613 2543 1672 2592 et
1699 2534 1951 2594 bibimus
1969 2565 1984 2582 ·
2181 2534 2449 2611 sequenti
2477 2534 2559 2593 ire
2578 2565 2593 2582 ·
2936 2545 3037 2594 aut
3064 2551 3187 2594 non
3212 2566 3226 2582 ·
3289 2533 3312 2567 ⁴
3330 2545 3390 2593 at
3416 2534 3494 2593 illi
3522 2543 3584 2593 ta

627 2637 687 2686 et
713 2626 864 2686 facta
890 2637 978 2686 est
1005 2627 1178 2687 arbor
1375 2635 1433 2686 et
1459 2627 1522 2685 in
1548 2626 1754 2703 plateis
1781 2629 1995 2688 nostris
2179 2628 2319 2703 quia
2344 2645 2469 2687 non
2495 2629 2655 2705 capit
2681 2649 2789 2706 pro
2934 2639 3178 2688 cuerunt
3202 2659 3216 2674 ·
3281 2628 3407 2705 ipse
3434 2647 3509 2688 ue

625 2721 860 2798 grandis
879 2751 894 2768 ·
959 2721 1052 2780 Ita
1077 2730 1141 2780 ut
1167 2739 1246 2782 uo
1377 2719 1658 2780 docuistis
1680 2753 1694 2768 ·
1753 2719 1871 2781 ”et
1899 2722 2052 2781 dicet
2182 2719 2359 2780 fetam
2388 2724 2570 2798 perire
2598 2732 2763 2783 extra
2933 2741 3002 2781 ro
3030 2721 3465 2800 adprehensum

623 2814 814 2874 lucres
844 2813 990 2874 caeli
1015 2816 1181 2893 requi
1376 2815 1548 2874 uobis
1571 2845 1585 2860 ·
1649 2815 1849 2875 nescio
1877 2834 1988 2876 uos
2180 2813 2532 2875 hierusalem
2549 2847 2564 2863 ·
2582 2847 2669 2861 —-
2933 2835 3072 2876 eum
3099 2816 3329 2875 sanauit
3396 2833 3465 2874 ac
3494 2815 3555 2876 di

624 2919 892 2968 escerent
917 2909 980 2967 in
1008 2910 1183 2968 ramis
1375 2906 1534 2967 unde
1563 2909 1702 2968 estis
1724 2940 1739 2955 ·
1799 2909 1979 2970 Disce
2179 2904 2226 2940 ⁸⁴
2244 2907 2603 2968 Hi0rusalem
2628 2942 2643 2956 ·
2698 2909 2862 2970 hieru
2933 2909 3091 2969 misit
3116 2910 3259 2968 ilum
3282 2941 3296 2957 ·
3342 2908 3364 2942 ¹⁵
3385 2908 3464 2969 Et
3491 2909 3637 2976 dixit

627 3002 752 3061 eius
776 3033 788 3048 ·
816 3034 829 3049 ·
857 3034 870 3049 ·
890 2999 1028 3061 ”Et
1055 3004 1264 3062 iterum
1377 3002 1492 3060 dite
1521 3020 1556 3061 a
1584 3021 1680 3061 me
1707 3021 1916 3064 ornnes
2178 3002 2360 3062 salem
2380 3034 2393 3050 ·
2454 3021 2603 3082 quae
2631 3006 2763 3064 occi
2931 3003 3006 3062 ad
3034 3003 3165 3062 illos
3187 3034 3202 3051 ·
3268 3001 3449 3062 Cuius
3476 3021 3583 3064 ues

627 3094 773 3155 dixit
789 3126 803 3142 ·
868 3095 960 3154 eui
989 3095 1174 3156 simile
1377 3096 1620 3172 operarii
1648 3097 1827 3175 iniqui
2177 3097 2265 3155 dis
2294 3096 2549 3173 profetas
2576 3109 2635 3158 et
2661 3098 2718 3159 la
2931 3106 3085 3155 trum
3114 3097 3263 3155 filius
3290 3108 3390 3155 aut
3416 3097 3527 3157 bos

626 3190 947 3249 aestimabo
975 3197 1160 3267 regnu
1378 3191 1512 3249 tatis
1569 3187 1612 3222 ²⁸
1631 3191 1710 3249 ibi
1737 3192 1842 3250 erit
1870 3191 2039 3251 fletus
2175 3191 2345 3268 pidas
2374 3209 2479 3252 eos
2507 3193 2607 3271 qui
2634 3194 2709 3253 ad
2739 3203 2797 3254 te
2931 3191 3085 3249 cadit
3111 3191 3171 3248 in
3200 3201 3444 3267 puteum
3467 3221 3482 3238 ·

627 3281 687 3342 di
708 3314 724 3329 ·
782 3279 825 3315 ²¹
849 3283 1034 3343 simile
1063 3294 1150 3345 est
1177 3284 1260 3344 fer
1377 3293 1436 3342 et
1462 3285 1673 3343 stridor
1704 3285 1904 3346 dentifi
1922 3317 2003 3329 —
2173 3285 2477 3345 mittuntur
2496 3318 2509 3333 ·
2573 3305 2695 3365 quo
2928 3294 2987 3343 et
3015 3303 3137 3343 non
3164 3287 3448 3344 continuo
3474 3305 3549 3345 ex

626 3387 827 3436 mento
855 3377 1017 3455 quod
1045 3397 1230 3455 accep
1381 3377 1537 3436 Cum
1564 3378 1820 3439 uideritis
1851 3380 1992 3440 abra
2174 3378 2327 3438 tiens
2353 3379 2513 3439 uolui
2542 3398 2657 3441 con
2930 3379 3061 3438 trait
3089 3379 3251 3437 illum
3281 3379 3342 3437 in
3377 3379 3471 3438 die

625 3479 750 3529 tum
779 3473 986 3531 mulier
1013 3474 1240 3532 abscon
1377 3471 1516 3530 ham
1545 3482 1604 3531 et
1636 3474 1790 3534 isaac
1821 3483 1880 3533 et
2174 3493 2419 3551 gregare
2449 3474 2597 3536 filios
2931 3473 3157 3532 sabbati
3180 3503 3195 3518 ·
3239 3473 3353 3532 ‘Et
3382 3491 3506 3532 non
3534 3493 3617 3552 po

630 3564 714 3622 dit
740 3565 800 3622 in
830 3563 1074 3624 farinam
1377 3566 1550 3625 iacob
1573 3597 1587 3612 ·
1649 3578 1708 3627 et
1735 3586 1942 3628 omnes
2172 3577 2309 3628 tuos
2338 3569 2592 3648 quemad
2931 3575 3119 3624 terant
3148 3566 3224 3625 ad
3251 3565 3361 3626 hec
3388 3585 3485 3626 res

629 3657 819 3718 donec
847 3658 1132 3719 fermenta
1377 3659 1632 3737 profetas
1661 3662 1848 3722 introe
2175 3663 2423 3721 modum
2450 3663 2671 3740 gallina
2931 3660 3187 3737 pondere
3204 3659 3297 3719 ·ini
3317 3692 3331 3707 ·
3395 3661 3418 3694 '¹
3436 3661 3563 3722 dice

627 3759 751 3810 turn
779 3761 868 3812 est
895 3763 1083 3812 totum
1103 3787 1187 3800 —
1379 3766 1546 3814 untes
1573 3755 1635 3813 in
1663 3769 1898 3834 regnu*
2173 3757 2365 3832 pullos
2395 3774 2535 3817 suos
2563 3758 2674 3817 sub
2930 3755 3101 3814 cebat
3128 3764 3323 3814 autem
3352 3756 3429 3815 ad
3457 3756 3519 3814 in

625 3841 671 3879 ¹²
687 3843 765 3904 Et
790 3846 911 3905 ibat
937 3855 1042 3923 per
1069 3847 1330 3908 ciuitates
1379 3846 1439 3907 di
1456 3879 1471 3894 ·
1532 3867 1644 3908 uos
1673 3861 1866 3910 autem
1895 3869 1969 3910 ex
2174 3850 2384 3928 pinnas
2410 3859 2469 3910 et
2496 3851 2688 3912 noluis
2930 3848 3144 3908 uitatos
3174 3848 3415 3908 similitu

629 3948 687 3998 et
715 3939 950 4000 castella
978 3940 1201 4000 docens
1226 3974 1239 3989 ·
1376 3940 1510 4019 pelli
1539 3941 1694 4003 foras
1715 3975 1728 3990 ·
1791 3941 1911 4004 ”et
1937 3963 2010 4004 ue
2172 3944 2248 4004 tis
2271 3975 2286 3991 ·
2346 3944 2392 3977 ³⁶
2408 3963 2545 4004 ecce
2574 3946 2781 4024 rinque
2930 3941 3128 4000 dinem
3147 3974 3161 3988 ·
3225 3943 3536 4003 intendens

629 4043 688 4092 et
713 4033 818 4092 iter
844 4033 1062 4094 faciens
1091 4035 1151 4094 in
1183 4035 1280 4095 hie
1379 4037 1542 4095 nient
1569 4039 1646 4096 ab
1674 4039 1895 4099 oriente
2175 4046 2268 4097 tur
2292 4040 2465 4099 uobis
2493 4040 2707 4102 domus
2927 4036 3232 4113 quomodo
3260 4038 3483 4114 primos

627 4126 881 4187 rusalem
906 4159 920 4174 ·
947 4159 960 4174 ·
980 4125 1024 4162 ²⁸
1042 4128 1186 4188 dixit
1378 4141 1436 4189 et
1463 4131 1768 4192 occidente
1797 4143 1854 4192 et
1881 4151 1919 4192 a
2173 4144 2369 4193 uestra
2395 4134 2622 4195 deserta
2636 4168 2719 4181 —
2927 4132 3219 4191 recubitos
3254 4131 3415 4209 elege

631 4229 824 4280 autem
850 4219 928 4279 illi
954 4221 1196 4299 quidam
1379 4224 1614 4304 quilone
1635 4256 1648 4273 ·
1691 4235 1748 4285 et
1775 4236 1972 4287 austro
2174 4227 2330 4288 Dico
2356 4237 2549 4288 autem
2577 4230 2749 4290 uobis
2929 4235 3057 4284 rent
3074 4256 3088 4271 ·
3146 4223 3366 4284 Dicens
3394 4225 3471 4286 ad
