4373 5048
563 364 705 413 XXI.
729 357 951 425 21—43.]

455 578 464 585 ,
502 562 518 577 .
563 521 697 582 dico
724 518 929 581 uobis·
974 517 1023 575 si
1051 535 1089 575 a

564 614 805 675 bueritis
832 611 1009 671 fidem
1029 642 1045 657 ·

564 719 624 769 et
652 727 775 769 non
802 706 1063 766 hesitaue

564 802 687 863 ritis
710 832 726 847 ·
768 818 891 861 non
919 798 1047 859 solii

566 894 640 954 de
668 893 919 957 ficulnea
945 890 1059 951 faci

566 988 673 1048 etis
696 1018 711 1033 ·
758 985 877 1045 Sed
904 994 965 1043 et
992 984 1041 1043 si

567 1081 755 1142 monti
782 1079 917 1139 huic
948 1078 1051 1143 dix

569 1174 753 1243 seritis
778 1172 911 1233 tolle
940 1180 1000 1231 et

567 1268 721 1326 iacta
747 1276 803 1325 te
832 1265 895 1324 in
921 1282 1081 1329 mare

569 1360 668 1419 fiet
690 1390 706 1407 ·
766 1356 891 1418 ”Et
914 1358 1114 1419 omnia

569 1470 971 1531 quaecumque
998 1470 1075 1528 pe

568 1548 774 1608 tieritis
796 1548 859 1605 in
880 1546 1027 1607 orati

570 1659 682 1702 one
717 1640 1021 1703 credentes

570 1734 866 1811 accipietis
888 1764 903 1779 ·

1826 341 1963 403 MA
1982 329 2301 403 TTHEIJ
2317 370 2332 387 ·

1318 488 1628 574 Credidiiis
1660 510 1775 571 mi

1318 605 1363 642 ¹⁸
1383 608 1441 667 Si
1470 617 1667 669 autem
1696 604 1881 665 dixeri

1320 719 1453 761 mus
1480 719 1553 761 ex
1580 701 1871 761 hominib*
1887 730 1903 745 ·

1320 796 1596 855 timemus⁴
1622 797 1791 855 turba
1809 826 1823 841 ·

1324 888 1553 949 Omnes
1579 888 1735 947 enim
1764 887 1919 951 habe

1321 984 1467 1043 bant
1492 982 1809 1044 iohannem

1323 1076 1475 1136 sicut
1498 1076 1785 1153 profetam
1806 1106 1821 1122 ·

1324 1170 1369 1205 Ἦ
1386 1170 1465 1230 Et
1489 1169 1911 1249 respondentes

1324 1264 1425 1324 ihu
1452 1265 1721 1325 dixerunt

1324 1359 1621 1418 nescimus
1642 1389 1663 1405 ι
1698 1366 1760 1423 et
1784 1357 1845 1435 ip

1325 1472 1388 1512 se
1416 1452 1495 1512 ait
1518 1452 1625 1511 illis
1644 1483 1659 1498 ·

1324 1565 1437 1607 nec
1464 1564 1583 1624 ego
1611 1546 1787 1607 uobis
1814 1544 1872 1604 di

1326 1659 1401 1700 co
1428 1640 1491 1699 in
1518 1659 1638 1718 qua
1662 1648 1894 1716 potesta

1325 1748 1383 1794 te
1412 1735 1560 1795 haec
1590 1734 1863 1793 facio-w

570 1826 613 1861 ’Β
631 1827 711 1889 Et
736 1846 875 1887 cum
900 1826 1158 1888 uenisset
1185 1825 1247 1883 in
1277 1827 1307 1863 *
1328 1828 1371 1863 ²⁸
1390 1828 1553 1903 Quid
1581 1838 1775 1888 autem
1800 1846 1891 1893 uQ-

570 1921 852 1998 templum
870 1950 885 1967 ·
937 1937 1111 1985 acces

570 2025 771 2075 serunt
787 2014 865 2074 ad
894 2030 1029 2075 eum

571 2110 880 2170 docentem
903 2139 919 2154 ·
960 2103 1101 2185 prin,

572 2204 732 2281 cipes
759 2201 1004 2261 sacerdo

572 2306 695 2356 tum
723 2305 781 2354 et
808 2295 1065 2355 seniores

484 2452 501 2467 .
572 2388 777 2467 populi
802 2387 1059 2447 dicentes
1079 2418 1094 2433 ·

574 2523 637 2582 in
665 2541 781 2600 qua
809 2531 1091 2600 potestate

574 2615 891 2678 haecfacis
913 2647 928 2662 ·
972 2625 1031 2678 et
1057 2615 1187 2691 quis

572 2709 675 2768 tibi
704 2708 863 2768 dedit
890 2707 1043 2772 hanc
1072 2726 1153 2784 po

571 2813 912 2868 testatemn
978 2799 1023 2838 ²⁴
1043 2801 1167 2866 Res

572 2897 843 2974 pendens
871 2906 1065 2958 autem

573 2991 663 3049 ihs
691 2991 834 3050 dixit
862 2989 971 3051 illis
992 3021 1007 3036 ·
1050 2992 1115 3050 in

572 3085 887 3160 terrogabo
914 3102 1023 3144 uos

574 3186 633 3236 et
658 3195 772 3254 ego
798 3177 1045 3243 uerbum

573 3289 757 3330 unum
844 3271 1005 3348 quod
1038 3270 1087 3332 si

574 3364 825 3423 dixeritis
852 3364 995 3424 mihi
1015 3395 1030 3410 ·

571 3466 630 3516 et
654 3459 967 3534 egouobis

573 3549 709 3610 dico
778 3552 840 3610 in
868 3570 985 3628 qua
1012 3561 1179 3630 potes

573 3654 690 3704 tate
717 3644 863 3706 haec
891 3645 1045 3706 facio
1071 3677 1085 3692 ·

571 3737 619 3772 ²³
635 3738 939 3816 Baptisma
966 3735 1243 3806 iohannis:

572 3832 732 3891 unde
760 3841 887 3898 erat
905 3864 920 3879 ·
966 3833 1040 3892 de
1068 3851 1139 3892 ce

572 3924 633 3984 lo
702 3942 781 3986 an
809 3943 884 3986 ex
911 3924 1135 3985 homini

572 4021 684 4078 bus
708 4051 723 4066 ·
766 4019 847 4078 At
874 4018 953 4077 illi
982 4020 1117 4098 cogi

571 4114 778 4172 tabant
802 4113 952 4173 inter
980 4131 1041 4172 se
1071 4112 1129 4172 di

574 4217 775 4266 centes
796 4237 810 4254 ·
858 4205 918 4265 Si
950 4206 1135 4266 dixe‘ri

573 4317 707 4360 mus
734 4299 808 4359 de
837 4299 965 4359 celo
994 4300 1149 4360 dicet

575 4395 745 4453 nobis
767 4412 945 4472 quare
974 4413 1097 4454 non

1277 1922 1307 1958 *
1326 1924 1414 1983 bis
1439 1923 1667 1983 uidetur
1686 1954 1787 1972 ·—-

1276 2017 1308 2051 *¹
1326 2019 1510 2079 homo
1538 2016 1779 2094 quidam
1806 2014 1884 2076 ha

1278 2110 1308 2146 *
1328 2114 1504 2172 bebat
1533 2112 1683 2171 duos
1710 2110 1792 2170 filil

1278 2206 1309 2241 *
1330 2225 1398 2268 os
1416 2238 1431 2253 ·
1474 2216 1533 2267 et
1560 2204 1852 2265 accedens

1328 2300 1403 2361 ad
1430 2301 1684 2379 primum
1712 2297 1855 2359 dixit

1327 2526 1437 2586 Fili
1462 2527 1615 2586 uade
1643 2527 1787 2590 odie.
1805 2545 1921 2603 Qpe

1326 2639 1454 2680 rare
1482 2621 1543 2678 in
1570 2620 1805 2681 uincam
1823 2651 1837 2666 ·

1327 2711 1371 2748 ’⁹
1391 2714 1485 2773 ille
1512 2723 1707 2774 autem
1735 2731 1951 2790 respon

1327 2807 1476 2868 dens
1504 2807 1582 2870 ait
1609 2807 1749 2868 nolo
1766 2837 1779 2852 ·

1328 2900 1544 2962 Postea
1566 2911 1761 2961 autem
1792 2919 1904 2978 pae

1328 2996 1569 3056 nitentia
1596 3005 1792 3054 motus

1328 3089 1467 3148 abiit
1484 3120 1497 3136 ·
1548 3088 1595 3122 ⁸⁰
1611 3087 1688 3147 Et
1716 3087 2017 3152 accedens
2056 3121 2061 3128 ·

1328 3181 1403 3242 ad
1432 3181 1677 3263 alterum
1705 3181 1851 3242 dixit

1329 3275 1586 3336 similiter
1604 3307 1620 3322 ·
1670 3276 1751 3335 At
1777 3275 1871 3335 ille

1328 3370 1693 3448 respondens
1721 3371 1831 3430 ait·

1329 3482 1404 3523 eo
1433 3463 1588 3524 dfio·
1632 3473 1693 3523 et
1717 3481 1841 3524 non
1866 3461 1963 3525 iit·

1329 3556 1371 3590 ⁸²
1390 3556 1543 3630 Quis
1570 3575 1645 3616 ex
1674 3556 1905 3622 duobus
1930 3555 1985 3616 fe

1329 3652 1408 3711 cit
1433 3649 1801 3713 uoluntatem

1329 3745 1507 3821 patris
1530 3775 1546 3792 ·
1591 3745 1793 3805 dicunt

1329 3839 1383 3897 ei
1405 3869 1419 3884 ·
1464 3837 1684 3915 primus
1707 3868 1722 3884 ·
1765 3836 1905 3896 dicit

1331 3929 1435 3989 illis
1463 3931 1555 3990 ihs
1574 3961 1589 3977 ·
1632 3930 1829 3990 Amen
1859 3929 1917 3989 di
1948 3943 1951 3948 ·

1330 4041 1405 4083 co
1431 4023 1631 4082 uobis·
1676 4022 1849 4099 quod.

1328 4116 1627 4195 puplicani
1656 4125 1713 4177 et
1741 4133 1841 4174 me

1330 4209 1565 4277 retn‘ees
1592 4227 1767 4286 prece

1331 4303 1477 4364 dunt
1501 4321 1611 4363 uos
1638 4303 1699 4361 in
1728 4321 1832 4380 reg

2103 499 2211 569 'no
2239 508 2334 568 di·
2378 504 2622 567 ³’'Uenit
2645 512 2744 566 eni

2132 602 2210 662 ad
2236 620 2346 665 uos
2375 601 2660 663 iohannes
2679 632 2697 647 ·

2129 697 2192 754 in
2220 697 2316 755 uia
2341 695 2586 755 iustitiae
2611 727 2626 741 ·

2129 799 2190 849 et
2216 808 2340 853 non
2366 789 2616 849 credidis

2130 884 2201 942 tis
2229 884 2343 942 illi·
2387 883 2624 961 puplica

2130 978 2190 1037 ni
2218 988 2416 1039 autem
2443 987 2502 1037 et
2528 995 2623 1037 me

2129 1071 2368 1132 retrices
2391 1070 2558 1133 credi.

2131 1166 2343 1224 derunt
2367 1164 2457 1224 ei·
2499 1162 2630 1225 Uos

2129 1267 2326 1323 autem
2354 1258 2622 1320 uidentes

2130 1371 2242 1412 nec
2271 1353 2647 1430 penitentiam<

2130 1448 2332 1524 egistis
2359 1455 2566 1523 postea

2132 1540 2388 1600 crederei
2411 1572 2427 1587 ·
2451 1573 2465 1588 ·

2131 1631 2176 1669 ³³
2193 1634 2388 1693 Aliam
2415 1634 2760 1711 parabolam

2132 1727 2322 1787 audite
2343 1760 2358 1775 ·
2402 1727 2584 1788 homo

2133 1832 2259 1882 erat
2284 1831 2447 1899 pater
2475 1822 2618 1882 fami·

2133 1916 2238 1978 lias
2266 1916 2366 1993 qui
2393 1915 2596 1993 planta

2134 2011 2218 2073 uit
2236 2011 2470 2070 uincam
2537 2020 2596 2069 et
2622 2028 2686 2070 se

2134 2124 2210 2183 pe
2240 2102 2621 2165 circumdedit

2135 2198 2190 2259 ei
2209 2230 2224 2245 ·
2268 2208 2336 2263 et,
2355 2196 2499 2257 fodit
2523 2197 2586 2258 in
2613 2216 2686 2259 ea

2134 2292 2420 2355 torcular·
2463 2300 2522 2353 et
2548 2292 2642 2352 edi

2136 2519 2334 2580 ficauit
2358 2529 2576 2581 turrem
2595 2551 2611 2566 ·

2134 2624 2194 2674 et
2221 2614 2439 2674 locauit
2465 2633 2597 2674 eam
2628 2613 2762 2676 colo

2134 2708 2226 2767 nis
2295 2717 2355 2768 et
2380 2727 2624 2786 peregre

2134 2801 2433 2882 profectus
2461 2812 2552 2864 est
2575 2834 2590 2850 ·

2134 2895 2179 2928 ⁸⁴
2197 2895 2352 2956 Cum
2380 2905 2582 2956 autem·
2601 2895 2789 2974 adpro

2135 2980 2353 3066 piasset
2379 2998 2610 3068 tempus

2134 3082 2426 3144 fructuum
2446 3115 2461 3129 ·
2505 3084 2660 3144 misit

2136 3195 2340 3238 seruos
2365 3195 2504 3238 suos
2530 3177 2714 3241 adeo

2133 3271 2306 3334 Ionos
2324 3303 2338 3318 ·
2380 3280 2448 3331 ut
2470 3272 2675 3348 accipe

2133 3373 2223 3424 ret
2250 3364 2322 3424 de
2348 3364 2630 3426 fructibus

2135 3457 2257 3520 suis
2277 3489 2292 3504 ·
2355 3457 2474 3518 ³³et
2501 3458 2698 3522 coloni

2135 3552 2556 3630 adpraehensis
2579 3571 2674 3616 ser.

2134 3647 2226 3710 uis
2247 3678 2262 3693 ·
2305 3664 2491 3706 unum
2521 3647 2646 3710 ceci

2134 3739 2343 3800 derunt
2361 3771 2376 3786 ·
2421 3739 2612 3804 alium.
2697 3789 2708 3792 -

2134 3833 2538 3912 lapidauerunt
2559 3865 2574 3880 ·

2058 3984 2063 3993 ‚
2134 3928 2314 3988 alium
2347 3946 2489 3988 uero
2518 3927 2724 3988 occide

2056 4068 2061 4079 .
2132 4033 2268 4081 runt
2289 4055 2304 4070 ·
2363 4022 2407 4056 ³⁶
2423 4022 2642 4082 Iterum

2134 4117 2292 4176 misit
2317 4116 2462 4177 alios
2489 4116 2688 4194 plures

2134 4211 2422 4287 prioribus
2441 4241 2456 4256 ·
2499 4220 2557 4270 et
2583 4209 2640 4269 fe

2137 4314 2342 4365 cerunt
2367 4304 2475 4364 illis
2503 4304 2760 4366 similiter

3501 351 3586 416 29

2883 504 2929 539 ⁸⁷
2946 504 3284 567 Nouissime
3313 515 3514 569 autem·
3613 517 3742 570 ποι
3766 518 3868 572 ΕΤ.

2883 599 3039 658 misit
3065 599 3148 660 ad·
3169 600 3302 661 illos
3329 600 3410 663 fili

2882 710 2986 753 um
3013 711 3186 755 suum
3213 694 3413 757 dicens
3431 726 3450 742 ·

2883 790 3238 847 uerebuntur
3265 789 3348 847 fili

2882 898 2986 940 um
3012 900 3212 943 meum
3235 914 3250 929 ·
3292 881 3337 915 ⁸⁸
3359 881 3520 943 Colo.

2883 975 2945 1033 ni
2973 984 3166 1038 autem
3191 976 3370 1037 uiden

2883 1080 2971 1129 tes
3000 1069 3184 1129 filium
3208 1070 3352 1131 dixe

2883 1174 3017 1222 runt
3045 1163 3199 1225 intra.
3221 1182 3284 1229 se

2885 1256 3004 1316 Hic
3034 1266 3124 1317 est
3149 1257 3351 1319 heres·
3407 1276 3486 1323 ue

2885 1351 3003 1410 nite
3031 1351 3378 1415 occidamus,

2885 1463 3022 1505 eum
3045 1476 3060 1492 ·
3103 1455 3164 1505 et
3187 1447 3388 1523 optine

2887 1557 3053 1599 amus
3081 1539 3406 1603 hereditate

2885 1634 3008 1699 eius
3032 1666 3050 1681 ·
3089 1634 3134 1668 ³⁹
3149 1644 3208 1694 et
3236 1635 3464 1712 adprae

2887 1727 3136 1789 hensum
3162 1746 3300 1789 eum
3326 1729 3426 1790 eie.

2885 1831 3090 1883 cerunt
3114 1832 3278 1883 extra
3301 1824 3370 1885 ui

2885 1934 3057 1975 neam
3084 1925 3150 1978 et.
3167 1915 3378 1977 occide

2886 2020 3020 2069 runt
3041 2043 3053 2056 ·
3078 2043 3090 2056 ·
3117 2041 3130 2057 ·
3196 2010 3242 2043 ⁴⁰
3259 2009 3412 2071 Cum
3443 2029 3506 2073 er

2886 2121 2967 2182 go
2993 2104 3191 2165 ueneri
3218 2104 3330 2165 (ἰῆς
3355 2104 3416 2167 ui

2885 2216 3033 2261 neae
3101 2198 3242 2275 quid
3268 2198 3438 2259 faciet

2886 2291 3116 2355 colonia
3141 2292 3283 2355 illis·
3327 2292 3564 2355 “aiunt

2887 2510 2964 2570 illi
2992 2511 3182 2576 malos
3209 2512 3362 2573 male

2886 2605 3094 2682 perdet
3108 2639 3122 2654 ·
3165 2616 3228 2670 et
3249 2607 3473 2669 uinea·

2885 2701 3100 2761 locauit
3119 2699 3244 2762 aliis
3272 2700 3405 2764 colo

2887 2795 2977 2853 nis
3004 2795 3106 2871 qui
3131 2795 3380 2856 reddent

2885 2889 2938 2947 ei
2967 2887 3218 2950 fructum
3245 2899 3366 2952 tem

2887 2983 3123 3060 poribus
3151 2983 3272 3044 suis
3288 3015 3401 3034 ·-

2887 3073 2932 3112 ⁴²
2949 3075 3107 3137 Dicit
3132 3077 3239 3136 illis
3271 3077 3366 3137 ihs
3384 3109 3403 3125 ι
3444 3095 3596 3140 num·

2888 3190 3066 3250 quam
3094 3171 3308 3250 legistis
3333 3172 3396 3234 in

2887 3266 3184 3345 scripturis
3249 3267 3368 3345 lapi

2797 3439 2806 3447 ,
2889 3362 3026 3422 dem
3050 3380 3228 3439 quem
3253 3378 3428 3438 repro

2886 3457 3173 3518 bauemnt
3197 3455 3368 3518 aedifi

2889 3561 3093 3612 cantes
3116 3550 3212 3610 hic
3240 3548 3429 3610 faecms

2889 3656 2976 3706 est
3003 3645 3064 3704 in
3092 3643 3286 3722 capud
3316 3661 3486 3720 angu

2887 3739 2928 3798 li
2947 3771 2962 3786 ·
3005 3757 3042 3798 a
3069 3739 3190 3800 dno
3213 3737 3403 3800 factus
3427 3745 3534 3801 est,

2887 3834 2994 3894 iste
3016 3865 3031 3880 ·
3084 3842 3142 3893 et
3167 3841 3260 3892 est
3282 3832 3428 3894 mira

2887 3927 3018 3987 bilis
3045 3925 3105 3985 in
3133 3926 3318 3987 oculis
3344 3944 3454 3988 nos

2887 4022 2990 4081 tris
3012 4052 3028 4069 ·
3071 4019 3114 4054 ⁴³
3133 4020 3280 4080 Ideo
3311 4020 3447 4082 dico

2887 4116 3058 4177 uobis
3085 4115 3224 4193 quia
3249 4113 3397 4176 aufe.-

2888 4221 3044 4272 retur
3068 4229 3105 4270 a
3137 4210 3310 4272 uobis
3335 4229 3439 4287 reg

2891 4323 3034 4366 num
3062 4305 3123 4364 di
3143 4335 3158 4352 ·
3199 4303 3278 4365 Et
3306 4304 3532 4364 dabitur
