4373 5048
1667 410 2123 471 EDJTORJS
2161 411 2292 472 No
2300 410 2529 471 TULA
2539 412 2621 471 E.
3326 426 3441 487 141

742 584 862 639 Fol.
889 582 975 637 31.
1021 582 1110 649 46.
1139 581 1308 637 fratrs
1334 597 1408 637 m.
1420 583 1504 651 p„
1530 597 1564 635 e
1587 583 1863 650 super-scr.
1888 597 2032 635 corr.
2059 597 2132 634 m.
2147 582 2214 651 p.

741 679 862 734 Fol.
887 678 974 732 32.
1026 677 1110 732 13.
1140 691 1220 731 12.
1246 676 1364 747 qud
1388 693 1462 730 m.
1475 679 1558 746 p„
1586 693 1620 730 o
1645 680 1921 747 superscr.
1946 692 2090 731 corr.
2116 692 2192 730 m.
2205 677 2271 746 p.
2355 688 2435 742 14.
2472 673 2791 731 uidebibitis
2815 675 2903 729 ita
2933 673 3062 731 Cod.

741 774 861 829 Fol.
899 772 968 827 32
1003 774 1059 827 b.
1112 783 1194 841 15.
1231 771 1514 841 intellegat
1556 788 1630 826 m.
1661 775 1744 842 p„
1787 790 1824 826 a
1864 775 2140 842 super-scr.
2175 787 2321 827 corr.
2358 788 2432 825 m.
2458 774 2524 841 p.
2604 770 2684 826 16.
2722 788 2859 827 aure
2894 786 2968 825 m.
2994 772 3080 841 p„
3118 786 3145 825 s
3177 772 3452 841 super-scr.

881 872 1027 911 corr.
1051 873 1126 910 m.
1139 859 1207 925 p.

742 952 864 1007 Fol.
889 950 959 1005 33
983 949 1039 1005 b.
1089 950 1176 1005 28.
1213 948 1351 1005 aieis
1385 967 1459 1003 m.
1471 952 1556 1020 15.,
1582 959 1605 1004 t
1628 952 1903 1021 superscr.
1927 967 2072 1005 corr.
2098 967 2172 1004 m.
2185 952 2253 1021 p.

741 1048 788 1102 F
790 1046 862 1101 ol.
899 1046 984 1100 34.
1033 1060 1120 1115 30.
1157 1048 1380 1101 hrreum
1416 1063 1490 1099 m.
1503 1048 1586 1116 p„
1625 1062 1662 1100 o
1696 1049 1972 1116 superscr.
2009 1062 2153 1101 corr.
2190 1063 2265 1099 m.
2290 1048 2356 1115 p.
2432 1059 2517 1114 31.
2555 1044 2674 1116 qud
2711 1061 2785 1099 m.
2808 1048 2893 1115 p„
2931 1061 2966 1099 o
3001 1047 3278 1115 superscr.
3309 1059 3456 1099 corr.

885 1147 959 1184 m.
1025 1169 1040 1184 .

743 1226 864 1281 Fol.
891 1133 1041 1279 3413.
1089 1237 1175 1295 35.
1211 1224 1506 1279 abscndita
1538 1241 1612 1277 m.
1629 1228 1713 1295 p„
1752 1242 1786 1279 o
1823 1227 2098 1295 super-scr.
2134 1240 2278 1279 corr.
2304 1238 2377 1278 m.
2394 1226 2459 1295 p.
2532 1234 2619 1293 37.
2656 1224 2734 1278 At
2765 1239 2993 1278 erasum
3016 1228 3115 1278 est.
3190 1224 3276 1292 38.
3313 1225 3456 1277 Post

882 1319 969 1365 est
978 1310 1182 1379 posuit
1199 1309 1240 1363 h
1265 1324 1340 1363 m.
1353 1310 1438 1379 p„
1465 1306 1629 1362 uelut
1649 1307 1740 1362 hic
1764 1309 2100 1378 scrtjotura;
2123 1307 2483 1377 perlt‘neauit
2500 1312 2559 1361 et
2578 1308 2862 1377 espunxit
2881 1306 3073 1361 eadem
3097 1324 3321 1362 manus.

744 1404 863 1460 Fol.
891 1406 975 1460 35.
1024 1420 1110 1471 42.
1146 1404 1305 1459 Ante
1331 1406 1492 1458 Tunc
1516 1406 1767 1474 ponitur
1789 1404 1824 1459 ·Ι·
1848 1420 2028 1458 manu
2053 1418 2123 1471 23
2165 1403 2404 1457 initium
2438 1402 2697 1457 lectt'om's
2715 1404 2747 1457 2
2816 1404 2904 1469 46.
2942 1402 3162 1458 inueta:
3198 1404 3288 1457 ita
3321 1402 3451 1459 Cod.

744 1500 791 1553 F
792 1500 864 1554 ol.
890 1500 970 1572 35·
985 1501 1040 1555 b.
1094 1511 1176 1570 54.
1213 1499 1381 1554 uenin
1403 1500 1614 1569 incepit
1635 1500 1870 1554 scribere
1893 1517 1968 1554 m.
1981 1502 2065 1570 p„
2091 1499 2249 1568 quod
2263 1500 2329 1554 in
2355 1498 2587 1553 ueniens
2611 1500 2875 1553 correxit.

743 1596 790 1650 F
793 1596 864 1650 ol.
891 1594 978 1649 36.
1032 1607 1114 1665 55.
1148 1595 1346 1665 ioseph
1369 1612 1444 1649 m.
1456 1598 1542 1666 p„
1559 1597 1856 1665 expunctis
1879 1612 1918 1665 p
1940 1596 1997 1663 h,
2021 1599 2297 1665 superscr.
2322 1611 2350 1649 s
2375 1588 2519 1649 corr.
2546 1611 2619 1648 m.
2637 1598 2699 1665 p.
2770 1594 2845 1649 In
2868 1594 3050 1665 capite
3058 1597 3202 1665 pag.
3226 1595 3457 1666 scripsit

886 1696 960 1733 m.
987 1694 1037 1733 2.
1109 1680 1144 1736 †
1172 1679 1297 1733 1111
1325 1679 1590 1733 calendas
1615 1679 1962 1734 sebtembres
1987 1678 2255 1749 pustridie
2278 1676 2511 1732 iohanni
2534 1679 2806 1747 bapteste‚
2830 1678 3128 1747 eademque
3150 1694 3357 1731 manus
3378 1676 3464 1731 ad

884 1765 1004 1832 cap.
1033 1762 1116 1816 14.
1149 1776 1193 1816 1.
1228 1763 1294 1817 in
1316 1763 1555 1816 st'm'stra
1592 1764 1855 1833 marg-ine
1880 1763 1913 1820 †
1937 1762 2028 1817 i1'1c
2053 1762 2321 1832 smspsz'&
2356 1777 2569 1820 necnon
2604 1766 2738 1815 ante
2776 1763 2843 1817 In
2880 1760 2972 1817 illo
3006 1762 3215 1816 iterum
3242 1762 3275 1819 †
3298 1766 3357 1814 et
3389 1762 3454 1815 in

886 1845 1088 1900 dextra
1110 1847 1375 1916 margine
1395 1846 1559 1901 lectio
1584 1851 1668 1900 s&
1692 1844 1954 1901 iohannis
1977 1847 2235 1916 bapteste
2260 1844 2499 1899 affuit.

742 1942 862 1997 Fol.
889 1941 959 1996 36
982 1941 1037 1995 1).
1085 1940 1136 1995 3.
1173 1958 1238 1995 sa
1261 1957 1336 1994 m.
1363 1944 1448 2011 p„
1474 1958 1510 1995 u
1533 1944 1807 2011 superscr.
1832 1958 1976 1996 corr.
2002 1958 2076 1995 m.
2089 1944 2157 2011 p.
2246 1940 2421 1995 mihic
2456 1956 2530 1994 m.
2544 1943 2629 2010 p„
2653 1956 2685 1995 c
2709 1939 2925 2011 perlin.
2950 1944 3005 1995 et
3026 1942 3275 2012 expunx.
3301 1955 3449 1994 corr.

911 2041 984 2077 m.
996 2026 1064 2093 p.
1134 2036 1187 2091 9.
1223 2033 1412 2078 autem
1443 2040 1670 2078 erasum
1700 2030 1799 2079 est.
1871 2034 2058 2095 prpter
2082 2042 2156 2079 m.
2169 2027 2254 2095 p„
2280 2041 2315 2077 o
2338 2027 2612 2094 superscr.
2636 2039 2779 2079 corr.
2806 2041 2879 2077 m.
2894 2028 2959 2095 p.

745 2121 867 2176 Fol.
903 2119 990 2173 37.
1045 2134 1126 2186 14.
1161 2119 1296 2174 finet
1318 2123 1458 2190 post
1488 2137 1682 2175 eorum
1708 2137 1782 2174 m.
1820 2135 1851 2174 2
1888 2122 2166 2191 scr-aptum
2200 2126 2299 2188 est,
2337 2126 2396 2174 et
2428 2120 2513 2174 ad
2538 2121 2826 2175 lectionem
2849 2126 2933 2173 ,ςῖῑ
2948 2119 3196 2175 iohanni
3215 2122 3458 2192 bapteste

885 2206 1133 2274 spectare
1155 2202 1402 2258 uidetur.
1480 2215 1560 2273 15.
1597 2214 1960 2260 acceserunt:
2000 2220 2036 2259 a
2059 2206 2123 2259 in
2146 2220 2263 2259 ras.
2290 2222 2317 2259 s
2339 2204 2554 2274 smpta
2578 2210 2661 2257 est
2682 2222 2721 2257 a
2744 2220 2818 2257 m.
2832 2207 2897 2274 p.

752 2299 872 2355 Fol.
899 2300 968 2353 37
993 2300 1048 2355 1).
1103 2310 1186 2366 17.
1221 2298 1272 2353 ic
1298 2316 1372 2353 m.
1386 2301 1472 2370 p„
1496 2300 1534 2353 h
1557 2302 1832 2369 supet-scr.
1857 2315 2003 2355 corr.
2031 2318 2104 2355 m.
2117 2304 2185 2370 p.
2211 2300 2309 2354 uel
2327 2294 2472 2354 certe
2495 2317 2568 2353 m.
2594 2302 3077 2371 contemporanea.

895 2396 975 2451 19.
1000 2400 1029 2438 s
1051 2384 1118 2437 in
1139 2382 1312 2439 turbis
1335 2384 1661 2438 semi-erasa
1683 2388 1777 2438 est.

746 2481 793 2536 F
797 2480 868 2537 ol.
893 2480 979 2535 39.
1032 2480 1115 2535 15.
1143 2494 1192 2549 3.
1216 2478 1557 2535 tratitionem
1582 2496 1654 2533 m.
1668 2482 1735 2550 p.
1760 2478 1918 2548 quod
1931 2479 1997 2533 in
2020 2477 2195 2534 tradi·
2230 2479 2480 2534 correxit
2497 2478 2689 2533 eadem
2714 2494 2937 2534 manus.

749 2576 869 2631 Fol.
896 2577 966 2630 39
988 2576 1045 2630 b.
1100 2590 1121 2629 1
1137 2591 1181 2630 1.
1220 2575 1542 2630 Secundum
1565 2574 1736 2630 intrat
1759 2592 1989 2630 erasum
2013 2580 2110 2630 est.

749 2672 870 2726 Fol.
894 2671 980 2725 40.
1033 2682 1114 2738 17.
1150 2670 1475 2741 intelexistis
1517 2688 1590 2724 m.
1618 2674 1700 2741 p„
1736 2672 1756 2725 l
1792 2675 2064 2742 superscr.
2102 2687 2247 2726 corr.
2284 2687 2360 2725 m.
2383 2673 2450 2741 p.
2524 2685 2610 2725 20.
2650 2669 2973 2728 Secundum
3008 2670 3269 2736 manibus
3306 2670 3464 2741 quod

887 2755 1116 2810 incuria
1148 2754 1548 2825 duplicauerat
1579 2755 1780 2822 scriba,
1815 2771 2041 2809 erasum
2076 2763 2173 2809 est.
2266 2769 2351 2808 21.
2387 2756 2420 2811 †
2457 2760 2590 2809 ante
2624 2756 2701 2810 Et
2736 2772 2915 2810 manu
2953 2770 2986 2810 2
3021 2757 3297 2825 smptum
3331 2760 3419 2809 est
3424 2773 3457 2820 ,-

889 2839 1126 2892 im'tium
1152 2845 1220 2893 ut
1241 2839 1424 2893 udtur
1446 2839 1714 2892 lectionis.

750 2933 871 2989 Fol.
897 2934 969 2989 40
990 2935 1046 2988 b.
1096 2948 1182 3004 23.
1220 2932 1538 2990 Dimittea-
1560 2952 1634 2989 m.
1646 2937 1730 3005 p„
1755 2951 1789 2990 e
1810 2936 2084 3005 superscr.
2109 2950 2255 2989 corr.
2280 2949 2353 2987 m.
2367 2937 2433 3004 p.
2488 2947 2575 3000 24.
2603 2932 2877 2990 sumissus
2901 2951 2976 2988 m.
2988 2937 3073 3005 p„
3097 2952 3156 2989 m
3179 2937 3456 3005 super-scr.

889 3032 1034 3072 corr.
1071 3033 1145 3070 m.
1171 3030 1231 3084 p.
1307 3019 1392 3072 26.
1429 3018 1740 3087 respndens
1779 3034 1852 3072 m.
1874 3021 1958 3088 p„
1996 3034 2031 3072 ο
2065 3021 2341 3088 superscr.
2378 3034 2521 3071 corr.
2557 3035 2631 3070 m.
2656 3021 2723 3088 p.
2796 3032 2882 3087 29.
2922 3019 2955 3076 †
2992 3024 3123 3073 ante
3153 3019 3231 3074 Et
3255 3018 3460 3089 posuit

891 3101 1423 3240 Ζιίδέἑεὲἑιαεῑίἷεηι
1463 3101 1528 3155 in
1566 3101 1712 3156 calce
1747 3103 1890 3172 pag.
1932 3101 2170 3180 titulum
2214 3101 2470 3156 lectiones
2507 3103 2851 3172 smpseran
2898 3101 3122 3156 litterae
3147 3103 3457 3174 pleraeque

751 3281 798 3335 F
799 3280 871 3336 ol.
909 3279 996 3333 41.
1045 3293 1132 3348 32.
1171 3280 1206 3336 †
1248 3285 1380 3334 ante
1423 3279 1523 3334 Ihs
1561 3295 1740 3334 manu
1779 3293 1844 3347 23
1893 3280 2130 3335 initium
2177 3278 2276 3334 uel
2291 3280 2443 3350 finis
2484 3278 2753 3335 lectioms.
2845 3293 2930 3350 34.
2968 3263 3234 3351 ΡῖεἰοιιΙοε
3270 3298 3345 3336 m.
3373 3286 3455 3354 p„

892 3379 922 3416 s
944 3364 1217 3432 superscr.
1241 3379 1385 3417 corr.
1410 3379 1485 3416 m.
1496 3365 1564 3433 p.

752 3459 874 3514 Fol.
899 3459 965 3512 41
992 3460 1048 3514 b.
1100 3472 1186 3527 39.
1212 3459 1247 3514 ·Ι·
1258 3461 1398 3530 post
1417 3458 1719 3528 magdalan
1745 3475 1922 3514 manu
1949 3473 1980 3513 2
2005 3476 2020 3526 ;
2038 3459 2192 3530 fimls·
2214 3463 2285 3512 ut
2304 3457 2486 3514 udt‘ur
2507 3458 2774 3514 lectiones.

751 3556 871 3611 Fol.
897 3556 985 3610 42.
1037 3555 1120 3610 16.
1145 3569 1198 3624 4.
1234 3555 1403 3611 nstris
1429 3571 1503 3608 m.
1516 3558 1598 3625 p„
1623 3573 1660 3609 o
1683 3558 1956 3625 superscr.
1980 3572 2125 3609 corr.
2151 3571 2225 3608 m.
2237 3558 2305 3626 p.
2376 3572 2454 3610 nn
2491 3573 2564 3609 m.
2577 3558 2662 3626 μ,
2687 3573 2723 3610 o
2744 3558 3017 3626 superscr.
3042 3572 3185 3611 corr.
3212 3573 3286 3611 m.
3298 3561 3365 3628 p.

896 3649 946 3709 5.
981 3656 1014 3694 e
1036 3640 1102 3692 in
1125 3638 1244 3693 eius
1267 3640 1333 3693 in
1356 3655 1471 3692 ras.
1494 3638 1710 3708 scr-epta
1733 3644 1818 3692 est
1837 3655 1874 3691 a
1899 3655 1972 3692 m.
1985 3642 2052 3709 p.
2123 3649 2243 3695 tras
2268 3655 2343 3692 m.
2354 3642 2439 3709 p„
2465 3657 2503 3693 n
2520 3641 2801 3709 superscr.
2825 3655 2969 3694 corr.
2994 3656 3068 3693 m.
3080 3642 3149 3710 p.

751 3735 875 3790 Fol.
900 3733 972 3788 42
993 3735 1048 3788 b.
1094 3747 1176 3788 11.
1212 3733 1324 3788 nde
1347 3750 1422 3788 m.
1435 3736 1519 3804 p„
1545 3751 1619 3789 on
1646 3737 1922 3804 super-scr.
1952 3750 2096 3790 corr.
2130 3752 2205 3788 m.
2218 3738 2286 3806 p.
2316 3733 2683 3790 adtendtendi
2720 3751 2794 3789 m.
2819 3737 2885 3806 p.
2910 3737 3141 3790 meur-ia
3175 3739 3460 3807 expunxit

893 3824 951 3872 et
956 3817 1318 3888 perlineauit
1337 3816 1434 3872 ndi
1460 3833 1604 3871 corr.
1629 3834 1703 3871 m.
1715 3820 1800 3887 p„
1825 3816 1921 3871 eti
1947 3821 2225 3888 superscr.

752 3915 874 3970 Fol.
898 3914 986 3968 43.
1041 3926 1122 3981 17.
1159 3931 1238 3968 nn
1273 3929 1348 3967 m.
1372 3916 1457 3983 p„
1493 3929 1530 3967 o
1564 3916 1838 3983 superscr.
1863 3930 2007 3969 corr.
2044 3931 2119 3968 m.
2143 3917 2211 3984 p.
2282 3912 2513 3969 ruelabit
2551 3930 2624 3968 m.
2648 3916 2734 3985 p„
2759 3930 2793 3969 e
2826 3917 3099 3984 superscr.
3130 3930 3273 3969 corr.
3299 3930 3373 3969 m.
3387 3917 3455 3986 p.

899 3998 981 4053 18.
1017 4007 1140 4068 prte
1164 4014 1238 4051 m.
1250 4000 1336 4068 19.,
1362 4013 1399 4052 o
1420 4000 1694 4067 superscr.
1718 4013 1864 4052 corr.
1889 4014 1961 4052 m.
1974 4000 2041 4068 p.
2136 4011 2221 4066 19.
2255 4013 2314 4052 m
2350 3998 2416 4052 in
2452 4007 2658 4052 ten-am
2693 3997 2916 4068 (primo
2953 3997 3091 4066 loco)
3128 3999 3456 4053 semi-erasa

891 4087 988 4136 est.
1059 4097 1446 4152 quecumquae
1467 4097 1542 4134 ex
1554 4079 1889 4152 quicumque
1906 4082 2152 4138 correxit
2173 4097 2249 4135 m.
2260 4082 2328 4151 p.
2400 4093 2487 4136 21.
2512 4083 2587 4136 In
2604 4097 2787 4153 marg.
2803 4087 2935 4137 ante
2949 4080 3169 4137 Exinde
3178 4082 3454 4152 sm'ptum

892 4171 977 4221 est
995 4163 1054 4220 in
1076 4164 1213 4220 timo
1243 4163 1252 4234 Ι
1283 4163 1398 4219 thei
1421 4173 1480 4220 et
1503 4163 1562 4220 in
1586 4180 1766 4219 manu
1789 4179 1840 4219 2.

755 4261 876 4317 Fol.
901 4261 973 4316 43
995 4262 1050 4316 1).
1100 4271 1186 4331 25.
1221 4269 1410 4332 prpter
1433 4277 1506 4316 m.
1519 4263 1604 4332 p„
1629 4276 1666 4316 o
1688 4263 1963 4332 superscr.
1986 4276 2131 4317 corr.
2157 4277 2230 4314 m.
2246 4263 2311 4330 p.
