4373 5048
765 324 850 390 92

462 492 590 542 rol.
611 492 726 542 121.
768 483 1108 543 occiderunt
1133 482 1264 543 illos
1287 513 1302 530 ·

769 577 814 611 ‘⁸
829 578 992 654 Ergo
1019 577 1354 637 testimonia

770 670 1082 749 perhibetis
1151 690 1274 730 non

771 765 1200 825 consentientes

773 858 1045 935 operibus
1072 868 1290 936 patru-

775 960 1098 1011 uestrorum
1123 982 1138 999 ·
1208 958 1350 1031 qt‘zm

775 1044 853 1102 illi
881 1046 1119 1122 quidem
1146 1046 1351 1105 occide

778 1146 916 1197 runt
941 1156 1045 1197 eos
1114 1137 1242 1199 Uos
1264 1156 1340 1197 au

777 1240 896 1290 tem
918 1230 1230 1291 aedificatis
1258 1232 1297 1290 il

776 1324 968 1383 lorum
995 1342 1316 1387 monumen

777 1428 839 1478 ta
860 1450 875 1465 ·
917 1418 964 1453 ⁴⁹
979 1418 1124 1479 Ideo
1152 1430 1210 1479 et
1237 1420 1363 1497 sapi

777 1513 935 1574 entia
956 1514 1014 1572 di
1039 1514 1184 1573 dixit
1237 1516 1342 1601 mit

779 1618 843 1669 to
869 1609 930 1668 in
957 1607 1088 1667 illos
1116 1608 1280 1685 profe

779 1712 870 1761 tas
896 1711 954 1762 et
982 1704 1282 1779 apostolos

779 1805 840 1856 et
866 1814 939 1855 ex
968 1796 1077 1855 illis
1102 1796 1376 1856 occident

779 1898 838 1949 et
863 1900 1244 1967 persecuntur
1273 1920 1288 1937 ·

780 1982 828 2017 ⁸⁰
844 1994 908 2042 ut
933 1984 1249 2060 inquiratur
1277 2002 1385 2043 san

777 2078 912 2153 guis
939 2078 1204 2136 omnium
1232 2095 1342 2154 pro

780 2170 1026 2231 fetarum
1052 2172 1154 2247 qui
1180 2171 1244 2232 ef

785 2266 982 2327 fussus
1009 2276 1098 2326 est
1165 2284 1200 2325 a
1228 2266 1419 2325 consti

779 2361 1003 2421 tutione
1030 2360 1234 2419 mundi
1261 2377 1331 2419 us

782 2472 933 2534 quae
959 2454 1035 2514 ad
1062 2454 1362 2532 generatio

780 2605 918 2646 nem
946 2587 1119 2646 istam
1142 2619 1157 2634 ·
1201 2585 1245 2620 ⁶¹
1262 2587 1317 2646 A
1346 2604 1454 2646 san

779 2682 954 2760 guine
983 2681 1157 2741 habel
1181 2693 1358 2759 uflque

781 2778 858 2837 ad
886 2778 1230 2854 sanguinem
1259 2775 1440 2836 zacha

783 2872 905 2932 riae
973 2872 1072 2949 qui
1101 2871 1269 2948 periit
1295 2869 1358 2929 in

783 2975 868 3024 ter
895 2966 1070 3025 altare
1097 2973 1155 3024 et
1184 2964 1390 3023 aedem

784 3047 876 3106 Ita
905 3047 1036 3106 dico
1066 3046 1237 3105 uobis
1293 3044 1455 3122 requi

781 3151 937 3201 retur
963 3143 1038 3199 ab
1066 3139 1179 3198 hac
1207 3157 1360 3215 gene

787 3235 1011 3294 ratione
1034 3265 1048 3280 ·
1069 3265 1085 3280 ·
1105 3263 1120 3280 ·
1163 3230 1209 3266 ⁶²
1227 3231 1353 3292 Uae
1382 3249 1461 3292 uo

783 3328 878 3388 bis
899 3326 1238 3405 legisperitis

782 3423 918 3501 quia
945 3420 1303 3482 absconditis

781 3517 979 3578 claues
1017 3515 1288 3575 scientiae

783 3621 841 3672 et
868 3611 979 3688 ipsi
1005 3627 1129 3668 non
1154 3607 1360 3667 introis

787 3707 860 3765 tis
883 3736 897 3753 ·
967 3705 1045 3762 Et
1073 3721 1176 3762 eos
1202 3702 1300 3780 qui
1329 3701 1482 3760 intro

780 3799 946 3864 ibant
984 3795 1358 3874 prohibuistis
1399 3827 1484 3840 --

782 3891 991 3951 ¹⁵⁸Cum
1013 3890 1160 3950 haec
1177 3889 1252 3948 ad
1273 3889 1404 3949 illos
1421 3889 1482 3948 di

785 3994 939 4046 ceret
988 4001 1187 4044 coram
1216 4000 1317 4042 om

787 4081 848 4138 ni
877 4079 1048 4158 plebe
1073 4109 1088 4124 ·
1160 4094 1345 4152 coepe

783 4183 918 4232 runt
934 4170 1160 4230 farisaei
1187 4179 1245 4231 et
1265 4169 1320 4228 le

787 4266 1038 4346 gisperiti
1065 4264 1219 4324 male
1248 4263 1400 4323 habe

783 4381 846 4422 re
869 4394 883 4408 ·
948 4361 1028 4426 Et
1059 4357 1360 4420 committe

784 4475 845 4516 re
873 4473 1008 4516 cum
1033 4454 1130 4512 illo
1160 4453 1233 4512 de
1263 4451 1384 4511 mul

784 4551 858 4608 tis
916 4549 960 4582 ⁸⁴
981 4555 1324 4625 quaerentes

2129 310 2370 373 SECD
2390 344 2407 361 ·

1517 484 1924 543 occassionem
1952 483 2028 543 ali

1520 596 1700 655 quarn
1730 578 1988 637 inuenire
2015 578 2092 639 de

1519 671 1619 732 illo
1647 682 1712 731 ut
1737 690 1872 731 eum
1901 690 2116 732 accusa

1521 774 1672 825 rent·
1691 799 1704 812 ·
1719 798 1732 812 ·
1763 771 1857 825 12.
1878 766 1895 799 ¹
1910 766 2110 826 Multis
2129 784 2205 826 au

1521 870 1642 920 tem
1670 860 1850 919 turbis
1879 860 2098 920 circum

1522 954 1803 1014 stantibus
1827 986 1841 1000 ·
1911 954 1988 1013 ita
2017 963 2080 1013 ut

1525 1065 1588 1107 se
1615 1046 1868 1107 inuicem
1889 1048 2102 1107 concul

1525 1150 1727 1201 carent
1749 1172 1764 1189 ·
1834 1142 2028 1220 coepit

1525 1234 1719 1294 dicere
1747 1234 1822 1293 ad
1849 1234 2074 1312 discipu

1529 1328 1618 1388 los
1641 1358 1656 1375 ·
1726 1328 1978 1404 primum
2005 1326 2083 1387 ad

1527 1421 1748 1481 tendite
1775 1439 1812 1481 a
1839 1420 2062 1481 fermen

1528 1526 1592 1576 to
1620 1514 1994 1575 farisaeorum

1528 1627 1678 1686 quae
1706 1619 1793 1669 est
1822 1607 2147 1687 hypocrisis
2168 1639 2183 1656 ·

1527 1700 1550 1734 ²
1570 1701 1731 1761 Nihil
1757 1712 1952 1761 autem
1981 1707 2185 1778 opertu

1527 1806 1616 1855 est
1641 1796 1806 1873 quod
1831 1812 1954 1855 non
1981 1813 2118 1854 reue

1527 1890 1675 1949 letur
1697 1920 1712 1936 ·
1777 1907 1969 1967 neque
1995 1889 2166 1949 occul

1529 1992 1655 2042 tum
1682 1982 1844 2061 quod
1873 2001 1994 2042 non
2022 1983 2144 2042 scia

1529 2086 1620 2135 tur
1639 2108 1653 2123 ·
1697 2078 1718 2109 ⁸
1739 2082 1883 2152 qum
1912 2076 2144 2154 quaein

1527 2169 1776 2231 tenebris
1805 2170 2027 2229 dixistis
2048 2200 2062 2216 ·

1528 2264 1592 2323 in
1619 2262 1747 2322 luce
1775 2263 2084 2323 audientur
2104 2294 2118 2309 ·

1529 2367 1588 2416 et
1615 2356 1776 2434 quod
1805 2358 1866 2416 in
1895 2374 2034 2415 aure
2062 2355 2123 2415 lo

1531 2450 1646 2509 cuti
1675 2450 1814 2509 estis
1841 2449 2078 2528 predica

1529 2581 1682 2641 bitur
1709 2598 1886 2657 super
1913 2590 2067 2640 tecta

1527 2675 1686 2734 enim
1714 2674 1882 2733 uobis
1949 2675 1971 2706 ⁴
1988 2673 2124 2733 dico

1533 2769 1691 2826 enim
1719 2767 1888 2826 uobis
1915 2767 2033 2826 ami

1531 2861 1618 2922 cis
1645 2862 1792 2920 meis
1860 2878 1936 2920 ne
1961 2869 2110 2920 terre

1531 2955 1710 3014 amini
1739 2957 1814 3014 ab
1842 2955 1934 3014 his
1966 2954 2067 3032 qui

1532 3049 1809 3108 occidunt
1837 3065 2053 3126 corpus
2073 3079 2087 3096 ·

1535 3153 1593 3200 et
1619 3151 1757 3218 post
1783 3141 1929 3202 haec
1958 3159 2080 3200 non
2107 3141 2186 3200 ha

1533 3236 1676 3294 bent
1705 3235 1953 3310 amplius

1535 3327 1694 3406 quod
1723 3326 1936 3387 faciant
1959 3359 1972 3374 -
1993 3359 2070 3372 -

1475 3470 1481 3478 .
1536 3421 1559 3452 ⁶
1577 3419 1906 3480 Ostendam
1935 3430 2132 3481 autem

1531 3514 1700 3574 uobis
1728 3533 1904 3592 quem
1931 3515 2070 3574 time

1533 3609 1642 3668 atis
1665 3639 1680 3656 ·
1744 3609 1944 3669 timete
1971 3620 2096 3668 eu‘·

1533 3705 1634 3780 qui
1662 3714 1976 3781 postquam
2009 3721 2084 3764 oc

1532 3797 1672 3855 cidit
1697 3796 1872 3856 habet
1899 3808 2070 3873 potes

1533 3900 1710 3948 tatem
1737 3891 1962 3951 mittere
1991 3891 2052 3950 in

1531 3982 1862 4062 gehennam
1885 4015 1900 4030 ·
1971 3985 2136 4044 etia·-

1534 4077 1666 4136 dico
1699 4077 1868 4140 uobis
1895 4076 2031 4136 huic
2057 4078 2100 4137 ti

1533 4181 1687 4230 mete
1708 4202 1722 4216 ·
1766 4171 1788 4203 ⁶
1810 4169 2028 4230 Nonne

1532 4265 1788 4342 quinque
1817 4283 2081 4341 passeres

1533 4367 1791 4417 ueneunt
1821 4359 2020 4435 depon

1534 4449 1634 4511 dio
1705 4461 1762 4511 et
1781 4469 1930 4511 unus
1955 4470 2028 4511 ex
2057 4452 2164 4512 illis

1533 4564 1654 4606 non
1683 4547 1852 4607 estin
1880 4545 2172 4607 obliuione

2327 502 2525 545 coram
2554 484 2633 543 <16
2665 517 2679 532 ·
2723 485 2744 518 ⁷
2766 482 2883 545 Sed

2328 588 2386 639 et
2412 578 2605 656 capilli
2632 580 2841 658 capitis

2322 673 2497 732 uestri
2523 690 2733 733 omnes

2326 768 2612 828 numerati
2632 778 2769 827 sunt
2786 799 2801 815 ·

2328 862 2508 921 nolite
2534 880 2677 937 ergo
2708 862 2847 921 time

2323 974 2387 1015 re
2454 955 2651 1014 multis
2670 974 2843 1033 passe

2326 1050 2483 1108 ribus
2510 1049 2690 1126 pluris
2708 1049 2845 1110 estis

2328 1143 2349 1176 ⁸
2366 1142 2521 1202 Dico
2548 1154 2742 1203 autem
2771 1143 2938 1204 uobis

2324 1238 2518 1297 omnis
2545 1237 2863 1316 quicuqu

2328 1330 2630 1391 confessus
2656 1331 2825 1391 fuerit

2330 1426 2390 1483 in
2412 1443 2509 1485 me
2536 1443 2737 1484 coram
2766 1425 2930 1486 homi

2331 1521 2501 1579 nibus
2524 1550 2539 1566 ·
2610 1520 2689 1579 Et
2715 1520 2866 1581 filius

2330 1613 2585 1674 hominis
2614 1614 2829 1673 confite

2332 1708 2483 1766 bitur
2511 1708 2573 1766 in
2600 1707 2699 1767 illo
2728 1712 2867 1766 cora

2332 1802 2555 1878 angelis
2582 1800 2643 1860 dr
2666 1832 2679 1849 ·
2739 1800 2897 1874 ’Qui
2926 1820 3003 1860 au

2332 1906 2450 1955 tem
2482 1896 2779 1972 negauerit
2807 1914 2903 1955 me

2329 2006 2531 2049 coram
2557 1988 2891 2049 hominibus
2914 2018 2929 2036 ·

2332 2084 2634 2161 negabitur
2662 2093 2719 2143 et
2743 2083 2869 2159 ipse

2332 2196 2533 2238 coram
2560 2178 2781 2255 angelis
2809 2177 2869 2235 di

2328 2270 2375 2305 ¹⁰
2390 2271 2466 2330 Et
2492 2272 2687 2330 omnis
2713 2271 2814 2348 qui
2841 2269 2979 2330 dicit

2330 2367 2575 2425 uerbum
2603 2366 2662 2424 in
2692 2364 2812 2422 filiu

2334 2458 2591 2518 hominis
2620 2458 2847 2517 remitte

2335 2600 2427 2650 tur
2455 2591 2509 2648 ei
2532 2621 2546 2637 ·
2617 2590 2677 2648 in
2706 2593 2817 2665 spu
2838 2598 3033 2648 autem

2337 2691 2441 2744 sco
2469 2684 2569 2762 qui
2598 2683 2804 2742 dixerit
2830 2700 2953 2742 non

2334 2779 2651 2837 remittetur
2678 2776 2733 2836 ei

2337 2869 2378 2904 ¹¹
2399 2870 2553 2930 Cum
2581 2880 2777 2929 autem
2796 2869 3013 2929 ducent

2338 2983 2447 3024 uos
2476 2966 2536 3023 in
2566 2963 2883 3041 synagogis
2905 2972 2964 3023 et

2336 3058 2410 3118 ad
2439 3059 2808 3136 magistratos
2836 3066 2894 3117 et

2337 3161 2651 3230 potestates
2717 3151 2896 3210 nolite

2338 3247 2565 3307 solliciti
2592 3263 2721 3306 esse
2790 3263 2908 3323 qua

2337 3341 2461 3400 liter
2488 3339 2847 3417 resspondea

2338 3437 2413 3494 tis
2482 3444 2581 3494 aut
2608 3433 2749 3512 quid
2778 3432 2982 3493 dicatis
3002 3464 3015 3478 ·

2336 3526 2381 3563 ¹³
2396 3533 2497 3604 sps
2524 3529 2681 3587 enim
2711 3533 2803 3588 scs
2832 3527 2983 3587 doce

2336 3623 2421 3682 bit
2446 3639 2558 3680 uos
2584 3621 2645 3680 in
2673 3621 2803 3696 ipsa
2829 3619 2974 3680 hora

2336 3733 2486 3795 quae
2516 3724 2782 3792 oporteat
2814 3714 2873 3773 di

2438 3835 2521 3862 »ὦ
2554 3827 2682 3868 cere
2710 3835 2793 3864 m

2290 3903 2319 3938 *
2339 3903 2382 3939 ¹⁸
2399 3902 2563 3962 Dixit
2589 3913 2783 3963 autern
2817 3904 2869 3961 ei
2899 3903 2996 3982 qui

2290 3997 2319 4032 *
2340 3999 2477 4058 dam
2506 3997 2581 4082 de
2603 3999 2770 4056 turba
2798 4015 2897 4056 ma

2288 4091 2319 4126 *
2340 4093 2514 4170 gister
2533 4122 2547 4136 ·
2603 4090 2698 4150 dic
2728 4090 2813 4151 fra

2336 4187 2405 4246 tri
2434 4203 2568 4245 meo
2597 4195 2660 4242 ut
2688 4183 2977 4245 diuidebat

2337 4296 2571 4338 mecum
2599 4277 2912 4338 hereditate

2336 4369 2381 4408 ²⁴
2398 4373 2479 4431 At
2498 4371 2592 4433 ille
2621 4372 2762 4430 dixit
2789 4373 2845 4432 ei
2863 4404 2878 4419 ·
2938 4372 3018 4433 ho

2338 4471 2437 4514 mo
2461 4485 2476 4502 ·
2545 4455 2676 4530 quis
2704 4472 2801 4514 me
2830 4455 3019 4516 consti

2338 4548 2442 4608 tuit
2470 4548 2715 4608 iudicem

3296 316 3414 381 [xl.
3438 318 3666 381 47-111.
3692 332 3770 369 22.

3074 492 3177 542 aut
3198 483 3511 541 diuisorem
3540 500 3609 541 su

3074 595 3181 653 per
3213 594 3323 636 uos
3346 609 3361 623 ·
3402 576 3451 609 ¹⁶
3466 575 3625 635 Dixit
3652 594 3731 637 au

3074 680 3194 729 tem
3226 670 3301 730 ad
3328 688 3434 730 eos
3500 671 3694 731 uidete

3074 775 3132 823 et
3160 775 3364 824 cauete
3392 766 3466 824 ab
3493 766 3659 824 omni

3076 858 3317 917 auaritia
3339 888 3353 904 ·
3424 858 3562 936 quia
3590 876 3714 917 non

3076 952 3138 1010 in
3168 950 3523 1009 abundantia
3548 953 3715 1011 cuius

3078 1062 3257 1123 quam
3285 1046 3403 1103 uita
3430 1046 3553 1104 eius
3580 1056 3669 1105 est

3078 1156 3151 1197 ex
3180 1137 3269 1197 his
3297 1156 3448 1215 quae
3476 1139 3739 1217 possidet

3078 1231 3119 1264 ¹⁶
3137 1232 3300 1291 Dixit
3325 1242 3520 1291 autem
3549 1234 3780 1291 similitu

3081 1327 3279 1385 dinem
3308 1327 3384 1385 ad
3416 1326 3547 1386 illos
3575 1327 3779 1386 dicens

3082 1418 3362 1479 Hominis
3390 1421 3697 1481 cuiusdam

3080 1513 3269 1573 diuitis
3296 1514 3503 1574 uberes

3080 1606 3297 1665 fluctus
3326 1606 3507 1666 attulit
3536 1626 3616 1684 po

3080 1700 3264 1759 sessio
3326 1699 3371 1734 ¹⁷
3386 1712 3446 1760 et
3473 1696 3753 1778 cogitauit

3080 1794 3231 1853 intra
3258 1811 3320 1852 se
3350 1794 3554 1853 dicens

3082 1887 3221 1965 quid
3249 1886 3459 1947 faciam
3521 1888 3681 1965 quod

3082 1999 3205 2040 non
3232 1981 3422 2041 habeo
3448 2000 3569 2059 quo
3596 1999 3713 2041 con

3081 2091 3323 2152 gregem
3351 2074 3572 2134 fructus
3600 2092 3696 2135 me

3082 2186 3153 2227 os
3178 2199 3192 2214 ·
3244 2167 3288 2201 ¹⁸
3304 2168 3381 2226 Et
3408 2168 3551 2227 dixit
3580 2168 3695 2227 hoc
3723 2167 3784 2231 sa

3082 2262 3235 2320 ciam
3258 2294 3274 2309 ·
3345 2262 3636 2322 destruam

3082 2354 3289 2415 horrea
3315 2372 3449 2414 mea
3474 2365 3533 2414 et
3558 2374 3659 2414 ma

3081 2450 3205 2508 iora
3234 2448 3444 2508 faciam
3472 2468 3546 2509 ea
3569 2480 3584 2497 ·
3655 2457 3715 2510 et
3742 2450 3781 2508 il

3082 2579 3179 2640 luc
3208 2581 3585 2657 congregabo

3086 2674 3287 2735 omnia
3316 2691 3467 2751 quae
3495 2683 3635 2733 nata

3086 2777 3222 2827 sunt
3250 2767 3391 2825 mihi
3410 2797 3425 2814 ·
3470 2768 3513 2802 ¹⁹
3528 2778 3589 2826 et
3616 2766 3749 2828 dica

3086 2861 3279 2920 anime
3309 2879 3478 2920 meae
3546 2861 3644 2920 ani

3088 2972 3189 3012 ma
3207 2985 3221 2999 ·
3292 2952 3477 3014 habes
3508 2955 3691 3016 multa

3086 3049 3245 3106 bona
3271 3048 3462 3125 posita
3486 3049 3548 3106 in
3574 3066 3653 3107 an

3086 3142 3177 3200 nis
3204 3141 3399 3201 multis
3422 3173 3437 3188 ·
3507 3142 3671 3220 requi

3085 3253 3218 3294 esce
3248 3235 3542 3295 manduca

3085 3329 3222 3388 bibe
3248 3329 3481 3407 epulare
3502 3361 3560 3376 ·-

3084 3419 3131 3455 ²⁰
3147 3422 3309 3481 Dixit
3334 3432 3527 3482 autem
3557 3422 3635 3481 illi
3662 3421 3731 3482 ds

3086 3515 3256 3576 stulte
3285 3515 3395 3574 hac
3426 3525 3601 3576 nocte

3087 3609 3344 3667 animam
3374 3619 3533 3668 tuam
3561 3628 3624 3668 re
3704 3651 3720 3662 -

3086 3712 3291 3779 petunt
3318 3721 3355 3761 a
3381 3713 3439 3762 te
3458 3735 3474 3750 ·
3543 3719 3697 3780 quae

3085 3807 3283 3856 autem
3311 3797 3523 3873 parasti
3548 3815 3623 3856 cu

3088 3890 3174 3949 ius
3201 3898 3370 3949 erunt
3392 3921 3407 3938 ·
3450 3889 3494 3924 ²¹
3515 3890 3608 3949 Sic
3638 3889 3741 3968 qui

3086 3984 3435 4044 tensaurizat
3463 3985 3572 4043 sibi

3086 4088 3145 4136 et
3175 4096 3293 4136 non
3321 4079 3381 4135 in
3412 4079 3491 4137 (16
3520 4076 3731 4137 ditatur
3751 4107 3767 4124 ·

3086 4169 3130 4204 ²²
3146 4170 3307 4230 Dixit
3336 4181 3532 4231 autem
3564 4171 3640 4230 ad
3670 4171 3762 4231 dis

3086 4266 3310 4344 cipulos
3339 4283 3478 4324 suos
3508 4297 3523 4314 ·
3584 4276 3726 4342 pr0p

3084 4369 3243 4419 terea
3274 4359 3391 4419 dixi
3420 4360 3591 4418 uobis

3084 4453 3264 4513 nolite
3294 4453 3517 4513 solliciti
3545 4469 3671 4513 esse

3086 4548 3313 4608 animae
3343 4546 3481 4626 quid
3511 4564 3653 4607 man

3800 484 4078 535 Fetus.
