4373 5048
1622 476 2080 538 EDJTORJS
2121 476 2251 539 No
2261 476 2490 537 TULA
2501 476 2582 538 E.
3336 492 3361 537 1
3374 487 3451 557 51

755 650 803 704 F
805 649 875 705 ol.
904 650 1002 705 101
1019 649 1076 704 b.
1115 662 1200 718 34.
1223 666 1303 705 nn
1329 689 1342 704 .
1370 688 1385 704 .
1411 690 1426 704 .
1451 660 1746 721 peccatore
1771 652 1938 722 ηιμ,
1957 666 1996 704 0
2021 690 2035 705 .
2061 690 2074 705 .
2100 689 2115 704 .
2140 668 2173 705 e
2198 654 2473 721 supet-scr.
2498 665 2643 704 corr.
2668 653 2818 719 ηιμ
2892 659 2978 717 35.
3003 648 3079 703 In
3101 649 3363 719 margine
3384 648 3468 703 ad
3522 704 3531 713 ,

893 734 1152 789 altissimi
1177 736 1453 805 scn'ptum
1476 739 1561 788 est
1581 750 1758 787 manu
1795 738 1863 788 ut
1892 734 2127 788 uidetur
2149 735 2351 805 prima
2384 731 2464 787 sci
2503 732 2707 802 uigiliis
2743 738 2812 787 ut
2840 732 3001 787 credo
3008 750 3042 798 ,·
3078 738 3460 787 atramentum

896 823 1085 871 autem
1108 818 1246 872 adeo
1269 819 1512 871 euanuit
1551 823 1619 871 ut
1639 817 1864 889 difficile
1889 817 2120 887 legatur
2139 817 2289 887 quid
2303 818 2580 887 scriptum
2592 817 2817 887 fuerat.

758 910 881 967 Fol.
911 912 1028 967 102.
1077 927 1164 980 41.
1200 930 1240 967 n
1262 914 1327 967 in
1353 912 1412 967 in
1427 915 1622 984 primo
1644 913 1780 980 loca,
1803 915 1868 968 in
1893 930 2008 968 ras.
2033 930 2068 968 o
2091 916 2307 984 scn'pla
2329 920 2413 967 est
2432 931 2471 967 a
2496 929 2569 966 m.
2586 914 2645 983 μ

759 1009 806 1062 F
809 1008 882 1062 ol.
911 1008 1010 1064 102
1029 1010 1084 1064 b.
1121 1021 1208 1078 45.
1247 1010 1324 1064 Et
1341 1008 1568 1063 addidit
1587 1011 1652 1063 in
1676 1012 1940 1080 margine
1960 1026 2104 1064 corr.
2129 1013 2275 1079 ηιμ

677 1153 684 1161 .
760 1105 806 1158 F
811 1104 884 1158 ol.
911 1104 1014 1159 103
1031 1103 1088 1160 b.
1145 1107 1194 1160 7.
1227 1120 1306 1160 10.
1341 1106 1585 1160 secunda
1608 1122 1641 1160 e
1665 1106 1730 1159 in
1755 1104 2084 1160 inuenerunt
2105 1123 2178 1159 ex
2197 1116 2221 1160 t
2245 1106 2494 1160 corren‘t
2514 1122 2588 1159 m.
2598 1108 2664 1176 μ

760 1200 806 1253 F
811 1200 882 1255 ol.
912 1200 1030 1255 104.
1091 1215 1172 1270 19.
1209 1202 1340 1257 msit
1378 1205 1544 1272 ηιμ,
1573 1200 1589 1255 i
1627 1204 1902 1271 superscr.
1932 1218 2074 1283 corr.
2110 1218 2184 1256 m.
2192 1205 2258 1271 μ
2330 1215 2418 1255 22.
2456 1200 2735 1256 auditistis
2772 1203 2940 1272 ηιμ,
2969 1203 3149 1255 erasit
3182 1202 3255 1257 tis
3274 1203 3465 1273 finale

899 1292 1192 1339 corrector.

761 1379 884 1434 Fol.
913 1376 1015 1436 104
1029 1382 1084 1435 b.
1135 1382 1222 1436 28.
1257 1398 1293 1436 o
1316 1383 1383 1436 in
1405 1380 1602 1450 maior,
1626 1380 1864 1435 secundo
1889 1380 2021 1447 loce,
2045 1397 2121 1434 ex
2139 1397 2168 1433 ι·
2190 1381 2440 1434 correxit
2460 1384 2609 1451 ηιμ

762 1477 882 1531 Fol.
914 1477 1033 1532 105.
1083 1492 1168 1546 30.
1205 1476 1430 1548 bptizati
1458 1480 1622 1547 ηιμ,
1648 1495 1684 1532 a
1708 1479 1984 1547 superscr.
2010 1492 2155 1531 corr.
2180 1492 2256 1530 m.
2267 1480 2331 1547 μ
2408 1490 2491 1545 32.
2529 1477 2589 1531 fo
2614 1478 2777 1547 ηιμ,
2802 1491 2866 1529 ro
2892 1475 3118 1531 addidit
3137 1493 3283 1532 corr.
3309 1495 3383 1532 m.
3410 1492 3462 1547 3.

760 1576 885 1631 Fol.
925 1576 1026 1632 105
1045 1576 1100 1631 b·
1154 1591 1242 1645 40.
1279 1592 1366 1646 43.
1417 1578 1534 1648 qud
1561 1617 1574 1631 .
1602 1617 1615 1632 .
1645 1616 1660 1632 .
1685 1576 1914 1632 iudicati
1951 1580 2118 1648 ηιμ,
2157 1592 2193 1630 ο
2220 1616 2234 1631 .
2264 1617 2275 1630 .
2304 1594 2372 1657 ..ε
2408 1580 2687 1647 superscr.
2723 1592 2871 1631 corr.
2908 1580 3054 1647 ηιμ
3148 1592 3276 1647 44.:
3309 1580 3467 1634 inter

901 1660 1192 1717 mulierem
1214 1668 1272 1715 et
1293 1660 1431 1717 dixit
1454 1660 1680 1715 addidit
1699 1677 1844 1715 corr.
1870 1677 1944 1714 m.
1954 1663 2019 1729 μ

762 1761 884 1815 Fol.
914 1760 1016 1816 106
1031 1764 1088 1816 b.
1139 1762 1190 1817 8.
1215 1761 1266 1816 6.
1302 1780 1335 1817 e
1359 1764 1423 1816 in
1457 1771 1672 1833 petram
1697 1760 1807 1815 exi
1832 1760 2080 1815 corren't
2109 1776 2183 1813 m.
2200 1763 2259 1829 μ
2332 1760 2383 1815 8.
2420 1760 2470 1814 ci
2508 1762 2573 1815 in
2608 1759 2812 1816 cecidit
2844 1764 3121 1831 superscr.
3143 1779 3287 1818 corr.
3314 1767 3462 1835 ηιμ

902 1850 972 1899 ut
991 1845 1168 1899 crede.
1242 1860 1292 1916 9.
1331 1844 1559 1915 dicipuli
1587 1848 1752 1915 ηιμ,
1778 1861 1806 1899 s
1830 1847 2106 1914 superscr.
2130 1860 2275 1899 corr.
2301 1847 2447 1914 ηιμ

763 1945 884 2000 Fol.
913 1946 1033 2001 107.
1091 1961 1171 1999 10.
1211 1948 1406 2001 Ceters
1431 1949 1596 2015 ηιμ,
1622 1946 1639 2000 i
1664 1949 1942 2035 superscrj.
1967 1961 2110 1999 corr.
2137 1960 2213 1998 m.
2220 1948 2285 2014 μ
2366 1958 2447 2012 13.
2484 1943 2578 2017 qui
2598 1948 2761 2015 ηιμ,
2786 1961 2823 1999 a
2844 1948 3120 2015 super-scr.
3145 1962 3289 2000 corr.
3312 1950 3464 2017 ηιμ

762 2047 809 2100 F
812 2046 884 2100 ol.
914 2046 1016 2100 107
1034 2044 1090 2101 b.
1147 2060 1230 2115 19.
1266 2047 1402 2101 tuba
1427 2050 1594 2118 ηιμ,
1619 2064 1648 2100 r
1671 2048 1947 2116 superscr.
1971 2061 2116 2100 corr.
2141 2049 2293 2116 ηιμ

762 2147 808 2200 F
814 2145 886 2200 ol.
917 2144 1034 2200 108.
1085 2160 1169 2213 24.
1207 2155 1534 2202 cssauerunt
1561 2149 1726 2217 ηιμ,
1750 2164 1785 2201 e
1809 2148 2084 2216 superscr.
2098 2161 2244 2199 corr.
2261 2147 2407 2214 ηιμ
2482 2157 2568 2211 27.
2604 2161 2859 2217 neneque
2884 2148 3027 2215 ηιμ
3037 2165 3071 2212 ,·
3094 2144 3463 2218 sedpn'mum

900 2244 974 2283 ne
997 2231 1176 2285 erasit
1195 2236 1487 2285 corrector.
1559 2246 1595 2284 0
1618 2232 1684 2283 in
1707 2227 2088 2284 monumentis
2112 2245 2188 2283 ex
2206 2246 2243 2282 u
2266 2229 2516 2283 correxit
2536 2244 2611 2282 m.
2621 2232 2685 2299 μ

763 2328 810 2383 F
813 2330 884 2383 ol.
915 2328 1016 2385 108
1030 2331 1087 2385 b.
1143 2343 1228 2398 32.
1264 2347 1304 2385 n
1326 2332 1394 2384 in
1418 2329 1770 2401 pascentium
1796 2330 2050 2384 euanuit.

765 2429 886 2483 Fol.
917 2430 1034 2485 109.
1090 2432 1174 2499 36.
1214 2430 1290 2486 illi
1323 2430 1332 2503 Ι
1364 2430 1432 2487 lis
1458 2435 1622 2502 ηιμ,
1645 2432 1824 2485 eras-it
1834 2430 2096 2501 primum
2120 2427 2158 2483 li
2183 2433 2475 2483 corrector.

764 2532 810 2585 F
813 2531 886 2584 ol.
916 2530 1016 2585 109
1029 2531 1086 2585 b.
1136 2545 1225 2600 43.
1261 2540 1346 2586 ext
1369 2535 1535 2602 ηιμ,
1559 2549 1596 2586 a
1616 2535 1892 2602 superscr.
1916 2545 2059 2585 corr.
2085 2532 2231 2599 ηιμ
2284 2542 2373 2595 47.
2410 2538 2621 2584 tremus
2646 2531 2848 2599 ηιμ,ο
2864 2532 3139 2601 superscr.
3159 2548 3303 2588 corr.
3324 2537 3465 2604 ηιμ

903 2614 1515 2684 quemadmodmodum
1563 2618 1711 2685 ηιμ
1753 2615 1998 2682 incuria,
2047 2611 2148 2667 sed
2180 2614 2443 2683 primum
2491 2612 2627 2667 mod
2663 2613 2842 2666 erasit
2877 2620 3167 2669 corrector.
3249 2617 3339 2682 48.
3393 2617 3465 2672 de

901 2700 1175 2768 superscr.
1197 2715 1342 2754 corr.
1365 2702 1514 2769 ηιμ

766 2799 888 2855 Fol.
917 2797 1034 2853 110.
1089 2810 1173 2868 5ο.
1213 2798 1385 2853 audto
1411 2815 1484 2852 m.
1495 2801 1578 2868 μ,
1604 2797 1620 2853 ἰ
1645 2802 1920 2869 superse-r.
1945 2811 2092 2851 corr.
2115 2811 2191 2849 m.
2200 2798 2266 2866 μ
2344 2806 2427 2865 55.
2464 2794 2585 2850 dari
2611 2812 2686 2849 ex
2706 2794 2840 2850 dare
2862 2799 3111 2850 correm't
3129 2801 3273 2868 ηιμ

765 2900 887 2954 Fol.
917 2899 1020 2953 110
1038 2898 1092 2953 b.
1146 2899 1200 2953 9.
1233 2914 1277 2954 1.
1314 2908 1535 2954 current
1561 2915 1634 2953 m.
1652 2903 1728 2970 μ,
1752 2916 1788 2953 a
1811 2901 2088 2969 superscr.
2113 2909 2261 2951 corr.
2286 2899 2432 2966 ηιμ
2525 2909 2575 2964 3.
2613 2911 2684 2950 ue
2714 2897 2779 2950 in
2811 2912 2992 2968 neque
3020 2901 3296 2967 superscr.
3321 2915 3465 2954 corr.

905 2986 1054 3053 ηιμ

765 3088 888 3143 Fol.
917 3088 1035 3143 111.
1097 3102 1177 3144 11.
1213 3105 1284 3145 ex
1317 3089 1386 3158 in,
1418 3085 1634 3158 excepit
1670 3089 1946 3156 superscr.
1971 3100 2118 3140 corr.
2142 3087 2293 3154 ηιμ
2395 3096 2478 3152 13.
2518 3100 2551 3137 c
2584 3084 2651 3137 in
2686 3099 2846 3140 escas
2880 3084 2945 3138 in
2978 3100 3094 3140 ras.
3118 3099 3157 3142 a
3188 3087 3465 3157 sm'ptum

904 3177 1003 3226 est.

766 3271 890 3326 Fol.
918 3271 1016 3325 111
1039 3273 1094 3326 b.
1155 3283 1236 3339 17.
1273 3271 1456 3326 cofino
1491 3273 1658 3341 ηιμ,
1693 3287 1723 3325 s
1757 3271 2033 3342 superscr.
2069 3283 2214 3323 corr.
2239 3271 2383 3338 ηιμ
2463 3267 2544 3322 18.
2580 3283 2642 3321 es
2678 3274 2827 3321 esset
2862 3267 2949 3321 ita
2979 3267 3179 3322 Codex.
3253 3283 3338 3323 22.
3373 3279 3466 3339 pst

908 3372 981 3409 m.
988 3359 1070 3426 μ,
1097 3370 1132 3409 o
1155 3358 1428 3426 superscr.
1452 3369 1596 3408 corr.
1621 3370 1694 3408 ηι
1711 3357 1770 3424 μ

768 3455 890 3509 Fol.
920 3454 1037 3508 112.
1090 3468 1175 3524 29.
1212 3464 1436 3524 spectus
1459 3463 1721 3524 aspectus
1747 3468 1820 3506 m.
1830 3455 1912 3522 μ,
1935 3452 2205 3516 incuria,·
2237 3451 2416 3504 eradi
2438 3456 2660 3520 spectus
2684 3455 2973 3503 corrector.

769 3557 892 3611 Fol.
922 3554 1023 3609 112
1042 3554 1097 3608 b.
1150 3569 1235 3624 32.
1272 3571 1435 3608 somn
1461 3593 1476 3608 .
1504 3593 1518 3608 .
1545 3593 1559 3607 .
1585 3553 1861 3622 uiglantes
1887 3555 2053 3622 ηιμ,
2079 3567 2115 3604 o
2142 3590 2155 3604 .
2183 3591 2197 3604 .
2224 3550 2240 3603 i
2266 3553 2541 3621 superscr.
2565 3565 2709 3603 corr.
2736 3553 2881 3619 ηιμ

769 3656 890 3710 Fol.
920 3655 1038 3710 113.
1089 3669 1179 3722 40.
1215 3671 1294 3708 nn
1319 3657 1480 3725 ηιμ,
1507 3670 1542 3708 ο
1564 3657 1839 3724 superscr.
1863 3669 2008 3710 corr.
2033 3654 2178 3721 ηιμ

769 3756 890 3812 Fol.
920 3754 1022 3809 113
1036 3756 1092 3810 b.
1142 3767 1228 3825 45.
1264 3772 1296 3810 e
1319 3755 1385 3808 in
1408 3762 1481 3824 et,
1498 3755 1696 3825 primo
1719 3753 1852 3820 loce,
1868 3754 1934 3806 in
1958 3768 2169 3806 rasura
2192 3751 2408 3820 scripta
2430 3755 2515 3803 est
2533 3767 2572 3803 a
2596 3750 2741 3820 ηιμ

907 3839 996 3906 48.
1033 3837 1302 3908 receperit
1324 3854 1398 3892 ex
1415 3837 1674 3908 recepirit
1697 3838 1944 3891 correxit
1967 3839 2108 3905 ηιμ
2186 3846 2271 3904 5ο.
2308 3850 2387 3888 nn
2411 3835 2576 3903 ηιμ,
2601 3849 2635 3886 0
2660 3834 2936 3902 superscr.
2960 3848 3103 3886 corr.
3128 3835 3276 3902 ηιμ

769 3940 892 3996 Fol.
919 3938 1040 3993 114.
1098 3950 1182 4008 52.
1216 3956 1279 3992 ra
1315 3939 1379 3992 in
1415 3936 1662 4008 paraturi
1698 3941 1974 4006 superscr.
1999 3951 2142 3992 corr.
2170 3938 2337 4004 ηιμ,
2360 3939 2418 3987 et
2448 3932 2720 3987 u'militer
2752 3931 2809 3986 ni
2846 3933 2910 3986 in
2947 3931 3099 3987 uenit
3124 3948 3181 3986 v.
3211 3931 3292 4001 56.
3383 3943 3468 4000 57.

908 4021 1048 4078 hieri
1074 4038 1148 4075 m.
1158 4025 1240 4092 μ,
1265 4038 1294 4076 s
1317 4024 1592 4093 superscr.
1617 4037 1761 4075 corr.
1787 4022 1934 4089 ηιμ

771 4124 892 4180 Fol.
921 4122 1023 4177 114
1040 4123 1096 4177 b.
1156 4134 1238 4191 59.
1275 4139 1346 4192 pe
1369 4123 1434 4175 in
1463 4121 1698 4192 sepelire
1731 4122 2006 4190 superscr.
2030 4134 2173 4172 corr.
2200 4119 2344 4186 ηιμ
2434 4115 2521 4171 60.
2557 4114 2609 4171 ei
2635 4113 2765 4169 exii
2790 4117 3037 4169 correxit
3056 4117 3205 4185 ηιμ
3279 4122 3469 4168 autem

909 4224 984 4261 ex
1002 4217 1216 4262 auttem
1245 4206 1492 4260 corren't
1521 4221 1595 4258 m.
1601 4208 1666 4274 μ
1737 4203 1826 4258 61.
1863 4202 1969 4256 altr
2005 4204 2171 4271 ηιμ,
2197 4218 2230 4257 e
2262 4202 2541 4272 superscr.
2565 4215 2708 4255 corr.
2733 4199 2879 4270 ηιμ
2958 4197 3041 4253 10.
3072 4212 3117 4252 1.
3154 4195 3282 4252 bins
3317 4199 3468 4266 ηιμ

905 4305 944 4344 0
976 4293 1249 4361 superscr.
1274 4304 1416 4344 corr.
1442 4291 1592 4358 ηιμ
