4373 5048
277 554 553 606 rokau.

597 385 686 439 IV.
713 387 883 449 25—V.
913 381 1017 449 17.]

601 548 777 609 habet
804 547 1090 609 auferetur

598 644 675 703 ab
697 643 796 703 illo
919 639 1052 700 ”Et
1071 641 1301 701 dicebat

599 738 680 796 sic
711 746 798 797 est
824 754 1072 813 regnum
1101 736 1162 795 di

597 829 1098 909 quemadmodum

595 926 645 984 si
672 925 843 985 iactet
863 923 1045 984 homo
1074 942 1136 985 se

1890 362 2263 435 MARCU-

1350 546 1394 581 ³⁴
1419 547 1556 607 Sine
1585 547 1864 625 parabola
1889 552 2022 608 aute

1350 660 1473 700 non
1499 642 1842 719 loquebatur
1869 642 1952 701 eis

1351 753 1616 795 seorsum
1645 746 1844 795 tamen

1350 819 1645 905 discipulis
1675 829 1793 888 suis
1820 829 1908 888 dis

1393 955 1406 970 ·
1429 954 1444 969 ·
1475 923 1699 981 serebat
1725 940 1824 981 eas
1847 947 1928 975 „a

597 1037 736 1077 men
761 1020 824 1077 in
851 1027 1064 1077 terram
1123 1014 1168 1050 ¹⁷
1182 1015 1259 1075 Et
1298 1016 1330 1053 *
1350 1016 1570 1075 ”Etait
1586 1016 1719 1076 illis·
1750 1015 1812 1073 in
1830 1016 1924 1075 illa
1939 1016 2032 1075 die

596 1112 929 1172 obdormiat
987 1121 1045 1171 et
1070 1130 1144 1171 ex

1299 1108 1330 1143 *
1350 1128 1486 1171 cum
1503 1129 1632 1171 sero
1655 1119 1808 1171 esset

599 1214 798 1283 surgat
823 1216 998 1265 nocte
1025 1216 1084 1264 et
1112 1204 1206 1264 die
1237 1236 1250 1251 ·
1299 1203 1330 1238 '⁸‘
1348 1205 1568 1265 factum
1594 1214 1788 1265 transe

597 1310 656 1361 et
685 1318 886 1360 semen
909 1300 1191 1377 germinet
1302 1299 1331 1332 ¹⁸
1352 1318 1520 1359 amus
1546 1300 1694 1359 ultra
1717 1331 1730 1346 ·
1775 1298 1911 1358 ”Et
1939 1299 1998 1358 di

599 1405 659 1454 et
684 1403 906 1454 crescat
964 1394 1104 1453 dum
1133 1411 1208 1451 ne

600 1490 710 1548 scit
729 1488 821 1547 ille
846 1520 860 1534 ·
903 1484 948 1521 ³⁸
963 1487 1112 1545 ultro
1141 1493 1238 1545 eni

600 1594 749 1643 terra
777 1581 1084 1642 fructificat

600 1678 854 1756 primum
883 1676 1126 1735 herbam
1145 1706 1158 1721 ·

603 1771 813 1832 deinde
843 1770 1070 1847 spicam
1090 1799 1104 1816 ·
1165 1768 1238 1827 de

601 1865 738 1925 inde
765 1864 1004 1942 plenum
1030 1880 1137 1941 gra

603 1977 748 2018 num
774 1959 835 2018 in
865 1958 1028 2035 spica
1050 1989 1064 2005 ·
1089 1988 1104 2005 ·
1163 1954 1206 1991 '⁹
1224 1956 1302 2017 Et

603 2071 739 2114 cum
761 2052 1097 2130 produxerit

601 2147 850 2207 fructum
879 2146 1070 2205 statim

604 2242 788 2301 mittet
815 2241 1020 2301 falcem
1041 2270 1054 2287 ·
1116 2246 1260 2318 qum

603 2335 769 2395 adest
795 2336 1000 2393 messis
1017 2367 1102 2377 —-

605 2428 737 2489 ³⁰Et
753 2429 982 2489 dicebat
1003 2458 1018 2474 ·
1063 2428 1158 2487 cui
1178 2426 1304 2487 adsi

605 2561 898 2622 milabitur
915 2567 1100 2638 regnu
1128 2560 1288 2620 di·—

607 2667 706 2717 aut
733 2657 794 2714 in
823 2673 1002 2733 quam
1029 2656 1254 2732 parabo

610 2751 727 2810 lam
755 2750 1224 2826 comparabimus

610 2842 752 2905 illud
776 2875 791 2891 ·
867 2843 910 2878 ³¹
931 2843 1093 2902 Sicut
1119 2847 1306 2920 granfi

613 2938 832 3016 sinapis
859 2937 1019 3015 quod
1048 2954 1186 2996 cum

614 3033 963 3092 seminatum
989 3041 1078 3091 est
1104 3031 1166 3089 in

609 3137 820 3186 terram
881 3126 1157 3187 minimus

610 3229 698 3280 est
723 3220 1000 3280 omnibus
1029 3220 1163 3278 simi

611 3315 781 3374 nibus
810 3331 960 3393 quae
988 3322 1124 3372 sunt
1149 3312 1210 3370 in

613 3417 824 3466 terram
845 3437 860 3454 ·
923 3404 968 3440 ⁸²
986 3407 1064 3464 Et
1092 3423 1230 3465 cum

613 3501 850 3561 creuerit
911 3501 976 3560 fit
1003 3500 1193 3559 maius

611 3596 882 3655 omnibus
910 3594 1158 3653 holerib*
1181 3625 1195 3640 ·

610 3697 670 3747 et
695 3687 832 3749 facit
855 3706 1056 3748 ramos
1083 3705 1224 3765 mag

612 3801 724 3844 nos
786 3783 866 3842 ita
891 3791 954 3841 ut
980 3782 1210 3860 possint

613 3878 722 3936 sub
747 3879 954 3936 umbra
982 3877 1104 3934 eius

612 3969 795 4030 hanes
823 3970 932 4030 celi
959 3969 1217 4029 inhabita

613 4083 677 4124 re
699 4096 714 4112 ·
740 4095 755 4110 ·
801 4063 846 4096 ³³
867 4064 1074 4124 talibus
1102 4061 1224 4122 mul

613 4160 686 4220 tis
711 4158 1002 4237 parabolis
1029 4158 1090 4216 lo

615 4255 900 4330 quebatur
927 4253 1010 4312 eis
1036 4270 1144 4312 uer

612 4349 754 4407 bum
777 4379 794 4393 ·
853 4356 1025 4423 prout
1051 4356 1194 4424 pote

614 4451 744 4501 rant
770 4441 966 4501 audire

1350 1394 1583 1454 mittunt
1611 1394 1842 1452 turbam
1863 1424 1878 1439 ·

1349 1487 1428 1546 Et
1456 1496 1810 1565 acceperunt
1839 1496 1962 1545 eu-

1348 1582 1427 1640 ita
1453 1592 1518 1641 ut
1544 1589 1707 1641 erant
1735 1581 1794 1639 in
1824 1580 1960 1641 naui
1980 1610 1996 1626 ·

1348 1687 1408 1736 et
1434 1676 1647 1735 multae
1675 1673 1847 1735 simul
1874 1692 1954 1733 na

1347 1788 1454 1830 ues
1481 1778 1646 1830 erant
1673 1787 1808 1845 cum
1836 1768 1934 1827 illo

1349 1863 1394 1898 ⁸⁷
1411 1864 1488 1924 Et
1514 1864 1668 1923 facta
1694 1872 1783 1921 est
1809 1861 2010 1940 procel

1352 1958 1408 2019 la
1435 1975 1654 2036 magna
1679 1956 1841 2017 uenti

1352 2062 1411 2112 et
1437 2052 1646 2111 fluctus
1672 2052 1837 2110 mitte

1352 2148 1452 2205 bat
1478 2146 1540 2204 in
1566 2162 1782 2204 nauem
1840 2144 1922 2203 ita

1351 2250 1416 2299 ut
1443 2239 1707 2317 impleret
1735 2243 1884 2298 naue
1905 2269 1918 2284 ·

1351 2334 1395 2369 ⁸³
1412 2334 1490 2393 Et
1517 2344 1639 2394 erat
1665 2334 1791 2410 ipse
1818 2333 1880 2391 in
1910 2350 2030 2409 pup

1354 2448 1430 2508 pe
1459 2446 1633 2505 supra
1660 2427 1904 2504 puluinii

1354 2561 1652 2622 dormiens
1672 2591 1687 2607 ·
1731 2568 1788 2619 et
1814 2558 1944 2620 exci

1355 2663 1544 2715 tantes
1573 2672 1708 2714 eum
1735 2653 1934 2712 dicunt
1957 2681 1972 2699 ·

1357 2750 1633 2827 magister
1659 2766 1784 2808 non
1811 2747 1889 2806 ad

1357 2853 1414 2902 te
1435 2843 1683 2921 pertinet
1709 2841 1870 2919 quod

1359 2955 1666 3016 pereamus
1689 2967 1704 2984 ·
1749 2936 1794 2970 ³⁹
1811 2945 1869 2994 et
1897 2951 1972 2994 ex

1362 3049 1606 3108 surgens
1633 3029 1854 3089 commi

1361 3134 1532 3184 natus
1559 3134 1648 3184 est
1675 3131 1856 3183 uento
1879 3153 1894 3169 ·

1361 3229 1421 3280 et
1447 3219 1594 3276 mari
1622 3218 1763 3276 dixit
1819 3216 1922 3278 sile

1361 3320 1757 3373 commutesce
1814 3321 1874 3372 et

1361 3407 1607 3466 cessauit
1633 3416 1841 3465 uentus
1861 3438 1876 3454 ·

1362 3511 1420 3561 et
1447 3499 1599 3560 sacta
1627 3511 1717 3560 est
1751 3499 1998 3578 tranquil

1361 3595 1492 3655 litas
1519 3613 1736 3671 magna
1759 3625 1773 3640 ·
1813 3592 1862 3626 ⁴⁰
1877 3594 1955 3652 Et
1982 3595 2061 3652 ait

1361 3689 1470 3748 illis
1527 3688 1668 3765 quid
1694 3686 1878 3746 timidi

1361 3783 1469 3843 etis
1527 3782 1797 3842 habetote

1361 3877 1538 3936 fidem
1562 3907 1578 3923 ·
1636 3885 1694 3934 et
1721 3877 1899 3934 timue

1362 3980 1495 4031 runt
1523 3987 1744 4045 magno
1769 3971 1916 4028 timo

1363 4083 1425 4124 re
1446 4095 1462 4112 ·
1524 4063 1603 4122 Et
1629 4063 1900 4122 dicebant

1363 4158 1439 4218 ad
1467 4158 1794 4217 alterutrum
1820 4188 1835 4203 ·

1364 4253 1494 4331 quis
1522 4261 1610 4312 est
1635 4260 1804 4328 putas
1831 4251 1938 4310 iste

1366 4348 1458 4407 cui
1486 4365 1646 4405 mare
1674 4354 1731 4404 et
1756 4345 1916 4405 uenti

1363 4440 1685 4501 obaudiunt
1703 4471 1718 4486 ·

2157 556 2220 610 5.
2251 546 2358 608 Ἐἰ
2377 549 2537 607 uenit
2554 548 2701 607 ultra
2722 547 2783 606 in
2800 566 2861 607 re

2154 644 2330 719 gione
2359 659 2648 720 geraseno

2155 754 2285 795 rum
2308 767 2323 783 ·
2387 735 2409 767 ²
2426 736 2504 796 Et
2531 737 2749 796 exienti

2153 830 2210 889 ei
2238 830 2312 889 de
2340 831 2481 889 naui
2540 830 2618 889 Et
2647 837 2780 889 stati

2153 925 2403 983 occurrit
2428 925 2481 984 ei
2509 923 2693 983 homo

2154 1016 2226 1076 de
2257 1018 2654 1078 monumentis

2151 1112 2215 1170 in
2242 1117 2353 1188 spu
2374 1112 2658 1171 inmundo
2676 1144 2691 1159 ·

2151 1205 2174 1239 ⁸
2192 1207 2291 1283 qui
2320 1206 2677 1266 domicilium
2706 1205 2783 1264 ha

2152 1301 2327 1360 bebat
2356 1302 2417 1359 in
2445 1318 2631 1360 monu

2153 1405 2356 1454 mento
2381 1426 2395 1441 ·
2456 1394 2533 1452 Et
2561 1412 2754 1470 neque

2154 1487 2419 1547 cathenis
2447 1488 2745 1565 quisqua-

2154 1590 2383 1658 poterat
2410 1599 2547 1640 eum
2574 1581 2755 1658 ligare

2153 1675 2176 1708 ⁴
2193 1675 2473 1754 quoniam
2502 1692 2641 1753 sepe
2669 1692 2785 1734 con

2151 1769 2335 1846 pedes
2397 1778 2456 1827 et
2483 1768 2760 1830 cathenas

2151 1863 2361 1940 quibus
2389 1862 2599 1939 ligatus
2624 1863 2735 1923 fuis

2151 1968 2241 2017 set
2304 1956 2639 2034 disrupisset

2150 2061 2209 2111 et
2236 2051 2675 2111 comminuisset
2698 2082 2713 2099 ·

2149 2163 2263 2205 nec
2291 2144 2601 2223 quisquam
2629 2163 2741 2222 pos

2152 2247 2240 2298 set
2266 2257 2402 2298 eum
2429 2240 2679 2316 amplius

2151 2333 2385 2393 uincere
2404 2364 2419 2380 ·
2462 2332 2675 2394 “nocte

2154 2436 2350 2487 autem
2378 2435 2436 2486 et
2463 2426 2555 2485 die
2575 2428 2638 2485 in

2155 2561 2453 2619 montibus
2480 2569 2537 2619 et
2563 2559 2719 2620 inmo

2160 2654 2453 2714 numentis
2480 2663 2604 2712 erat

2161 2747 2503 2808 exclamans
2532 2757 2589 2806 et
2619 2765 2737 2807 con

2161 2841 2359 2901 cidens
2390 2859 2453 2900 se
2480 2841 2769 2918 lapidibus
2783 2874 2866 2884 —-

2161 2936 2182 2968 ⁰
2199 2932 2423 2994 Uidens
2452 2945 2645 2994 autem
2676 2935 2797 2994 ihm

2162 3047 2200 3088 a
2225 3029 2405 3105 longe
2462 3029 2719 3088 adcucur

2160 3123 2233 3181 rit
2260 3131 2317 3181 et
2343 3121 2607 3182 adorauit
2635 3133 2759 3182 eu-

2162 3217 2184 3250 ⁷
2202 3216 2281 3278 Et
2308 3216 2645 3276 exclamans
2673 3234 2825 3276 uoce

2161 3328 2382 3386 magna
2408 3309 2553 3368 dixit
2644 3310 2786 3387 quid

2161 3404 2305 3462 mihi
2332 3412 2391 3462 et
2417 3403 2520 3462 tibi
2548 3403 2646 3462 ihu
2676 3404 2716 3462 fi

2161 3497 2199 3556 li
2229 3497 2289 3556 di
2316 3497 2530 3556 summi
2549 3529 2564 3545 ·
2628 3497 2764 3556 adiu

2161 3609 2229 3651 ro
2260 3601 2317 3650 te
2346 3610 2448 3670 per
2474 3592 2575 3651 (ἰῶ
2602 3611 2677 3650 ne
2708 3611 2804 3652 me

2162 3696 2437 3763 torqueas
2460 3717 2475 3732 ·
2496 3717 2511 3732 ·
2574 3683 2596 3718 ⁸
2614 3685 2763 3744 Dice

2163 3782 2265 3839 bat
2297 3779 2457 3838 enim
2484 3779 2561 3838 illi
2590 3779 2679 3839 ihs
2703 3809 2719 3826 ·

2162 3874 2259 3932 exi
2286 3873 2481 3950 spirite
2502 3873 2709 3931 inmun

2163 3966 2236 4026 de
2253 3967 2330 4026 ab
2348 3965 2588 4024 homine
2610 3995 2625 4012 ·
2651 3997 2665 4014 ·
2687 3997 2701 4014 ·
2726 3967 2749 4001 ⁹
2768 3965 2847 4025 Et

2161 4061 2520 4120 interrogauit
2546 4079 2683 4119 eum

2163 4156 2324 4233 quod
2352 4155 2453 4214 tibi
2486 4172 2706 4213 nomen

2163 4259 2253 4309 est
2272 4280 2286 4295 ·
2356 4257 2416 4308 et
2441 4248 2740 4326 respondit

2163 4352 2253 4403 est
2280 4342 2421 4402 mihi
2450 4360 2671 4401 nomen

3492 384 3613 452 117

2914 546 2958 581 ²⁰
2979 546 3059 607 Et
3086 546 3507 625 deprecabatur

2912 659 3049 702 eum
3078 643 3326 701 multum
3354 652 3419 703 ut

2912 754 2986 795 ne
3014 755 3080 796 se
3107 736 3423 813 expelleret

2912 830 2985 889 de
3016 830 3260 906 regione
3284 861 3299 877 ·
3344 829 3385 863 ¹¹
3402 830 3547 889 Erat

2909 933 3107 983 autem
3134 924 3212 983 ibi
3240 924 3397 984 circa
3424 935 3561 983 mon

2908 1026 3029 1075 tem
3087 1035 3231 1093 grex
3260 1034 3445 1094 porco

2907 1128 3037 1169 rum
3066 1108 3381 1170 multorum

2907 1203 3274 1280 pascentium
3298 1236 3315 1252 ·
3374 1204 3417 1241 ¹²
3433 1206 3513 1266 Et

2908 1296 3370 1373 deprecabantur

2907 1407 3045 1449 eum
3075 1395 3177 1466 sps
3206 1392 3467 1453 dicentes

2905 1485 3069 1543 mitte
3098 1502 3211 1544 nos
3236 1484 3299 1543 in
3328 1504 3439 1561 por

2907 1595 3013 1637 cos
3071 1589 3135 1638 ut
3156 1579 3215 1637 in
3243 1598 3345 1638 eos
3372 1580 3529 1641 intro

2907 1689 3113 1731 eamus
3135 1704 3150 1719 ·
3194 1671 3237 1705 ¹³
3255 1672 3332 1733 Et
3360 1680 3493 1733 stati

2905 1766 3166 1843 permisit
3191 1766 3299 1827 illis
3325 1767 3417 1827 ihs
3440 1798 3456 1815 ·

2904 1857 2983 1919 Et
3010 1871 3290 1921 exeuntes
3318 1862 3499 1939 spiriti

2903 1954 3173 2013 inmundi
3191 1986 3207 2003 ·
3264 1956 3421 2016 intro

2904 2048 3093 2107 ierunt
3119 2048 3181 2107 in
3206 2066 3421 2128 porcos
3439 2081 3455 2099 ·

2906 2150 2965 2201 et
2996 2159 3218 2220 magno
3246 2145 3471 2223 impetu

2907 2254 3051 2313 grex
3080 2237 3420 2315 precipitati!

2908 2340 2996 2389 est
3024 2330 3085 2389 in
3114 2349 3277 2391 mare
3306 2333 3382 2392 ad
3410 2333 3529 2395 dua

2908 2424 3069 2485 milia
3090 2455 3105 2473 ·
3165 2434 3225 2485 et
3251 2427 3483 2488 suffoca

2905 2557 2946 2615 ti
2974 2567 3111 2617 sunt
3136 2557 3199 2616 in
3230 2576 3390 2620 mare
3412 2591 3429 2607 ·

2898 2650 3269 2725 ¹⁴Quiautem
3292 2655 3608 2731 pasceb⁸nt

2899 2763 3004 2806 eos
3032 2745 3303 2822 fugerunt
3329 2758 3389 2809 et

2899 2840 3378 2901 renuntiauerant

2896 2933 2960 2992 in
2988 2933 3280 2994 ciuitatem
3337 2945 3397 2996 et

2898 3027 2961 3086 in
2988 3043 3165 3103 agros
3187 3059 3203 3075 ·
3272 3028 3351 3090 Et
3378 3030 3439 3090 in

2898 3121 3083 3198 gressi
3111 3129 3247 3182 sunt
3272 3124 3412 3184 uide

2898 3233 2961 3274 re
2989 3215 3131 3292 quid
3158 3226 3314 3277 esset
3342 3218 3437 3278 fac

2898 3317 3025 3368 tum
3048 3340 3063 3356 ·
3107 3308 3153 3342 ¹⁶
3168 3320 3227 3370 et
3254 3312 3499 3373 ueniunt

2899 3403 2975 3462 ad
3011 3403 3168 3475 ihm?
3215 3413 3274 3464 et
3292 3406 3495 3466 uident

2898 3495 3059 3555 illum
3088 3497 3189 3574 qui
3216 3516 3253 3556 a
3281 3498 3459 3560 demo

2898 3589 3000 3648 nio
3027 3592 3351 3651 uexabatur
3378 3611 3443 3653 se

2898 3683 3141 3743 dentem
3202 3695 3259 3745 et
3288 3688 3437 3747 nesti

2898 3785 3023 3835 tum
3085 3787 3144 3837 et
3171 3797 3317 3839 sana
3344 3799 3483 3840 men

2898 3870 2970 3930 tis
3033 3880 3090 3930 et
3116 3872 3434 3933 timuerunt
3451 3905 3467 3921 ·

2898 3963 2941 3998 ²⁶
2957 3963 3357 4026 Narrauerunt
3384 3972 3521 4028 aute

2897 4057 3007 4117 illis
3034 4059 3134 4138 qui
3162 4061 3431 4120 uiderant

2898 4153 3139 4229 qualiter
3159 4152 3377 4212 sactum

2897 4255 2985 4306 est
3011 4247 3065 4305 ei
3094 4248 3193 4323 qui
3224 4247 3501 4308 demoniii

2897 4338 3175 4400 habuerat
3235 4349 3294 4399 et
3321 4339 3397 4401 de
3423 4359 3537 4419 por

2164 4438 2321 4516 legio
2348 4436 2865 4516 quiamultisumus
2895 4434 2979 4493 cis
3002 4464 3017 4482 ·
3081 4433 3126 4468 ¹⁷
3142 4434 3219 4493 Et
3244 4451 3453 4511 rogare

3642 562 3766 613 1¹01.
3788 562 3915 615 165.
