4373 5048
724 260 809 325 68

395 443 534 499 ¹wel.
562 448 689 500 244.
724 453 783 503 et
808 444 869 501 in
896 442 1115 521 templo
1142 442 1243 501 ubi

724 556 956 615 semper
980 537 1170 597 iudaei
1198 556 1317 597 con

723 633 969 691 ueniunt
987 662 1002 678 ·
1044 643 1103 692 et
1132 632 1191 689 in
1219 632 1296 690 ab

724 727 997 785 scondito
1026 726 1255 785 locutus

724 838 857 881 sum
885 820 1063 878 nihil·
1106 820 1149 854 ²¹
1169 819 1311 897 quid

724 932 820 973 me
848 915 1168 991 interrogas
1198 945 1213 960 ·

725 1102 1034 1161 audierunt
1062 1103 1204 1181 quid

726 1196 955 1256 locutus
984 1214 1114 1255 sum
1142 1196 1251 1256 illis
1270 1228 1285 1243 ·

2024 266 2144 331 SE
2144 270 2199 332 C
2207 268 2400 332 UND
2415 298 2434 317 ·

1473 453 1531 504 te
1558 444 1678 504 uidi
1704 444 1765 503 in
1794 444 1965 505 horto

1473 556 1611 598 cum
1638 539 1737 599 illo
1762 570 1777 585 ·
1816 536 1862 573 ¹⁷
1880 540 2035 599 Iterii

1472 652 1617 709 ergo
1646 635 1881 711 negauit
1908 653 1983 711 pe

1473 735 1596 787 trus
1638 736 1695 786 et
1724 729 1918 787 statim

1474 820 1663 897 gallus
1692 822 1945 882 cantauit
1961 847 2045 871 m

1416 914 1451 952 *
1469 915 1514 949 ¹⁸
1530 914 1850 974 Adducunt
1876 933 2022 993 ergo

724 1006 1027 1083 Interroga
1054 1026 1159 1067 eos
1186 1010 1287 1086 qui
1420 1008 1452 1047 *

1412 1074 1461 1141 *⁸
1472 1104 1534 1162 in
1562 1104 1877 1181 pretorium
1895 1135 1910 1151 ·
1938 1135 1951 1151 ·

1418 1194 1447 1228 *
1468 1208 1591 1257 erat
1619 1208 1815 1256 autem
1844 1216 2015 1258 mane
2040 1230 2055 1245 ·

1474 1008 1598 1093 iiim
1621 1040 1635 1055 ·
1680 1028 1716 1068 a
1744 1010 1969 1070 caiasan

723 1288 881 1349 Ecce
910 1291 1003 1349 isti
1031 1291 1221 1351 sciunt
1247 1310 1363 1369 que
1471 1300 1529 1350 et
1556 1291 1664 1369 ipsi
1694 1308 1819 1350 non
1844 1292 2065 1353 intraue

724 1383 971 1444 dixerim
996 1403 1111 1462 ego
1133 1416 1149 1433 ·
1193 1383 1238 1421 ²²
1256 1385 1425 1447 Haec

723 1488 917 1539 autem
948 1497 1084 1538 cum
1114 1480 1263 1539 dixis

724 1582 813 1632 set
832 1602 847 1617 ·
890 1572 1063 1632 Unus
1093 1574 1164 1632 de
1194 1574 1276 1632 mi

724 1666 918 1726 nistris
947 1668 1185 1727 adstans

726 1760 887 1821 dedit
911 1762 1167 1838 palmam
1196 1761 1259 1820 in

726 1853 877 1913 facie
905 1854 995 1913 ihs
1024 1854 1222 1915 dicens

728 1947 826 2007 Sic
855 1948 1179 2024 respondes
1215 1945 1347 2024 prin

728 2042 846 2118 cipi
874 2043 1242 2101 sacerdotum
1266 2075 1279 2089 ·

725 2134 774 2171 ⁸⁸
792 2134 1125 2213 Respondit
1152 2136 1231 2195 illi
1257 2136 1346 2195 ihs
1366 2168 1381 2185 ·

730 2230 780 2289 si
808 2230 959 2289 male
987 2229 1217 2289 locutus
1242 2236 1317 2290 sii

726 2360 1123 2421 testimonium
1152 2380 1257 2441 per

733 2455 872 2515 hibe
902 2456 973 2516 de
1004 2458 1161 2516 malo
1184 2488 1199 2504 ·
1246 2455 1307 2516 Si
1331 2474 1407 2516 au

730 2551 1024 2636 tem‚bene
1055 2552 1195 2630 quid
1222 2569 1318 2612 me

733 2646 894 2706 cedis
919 2676 934 2692 ·
977 2646 1022 2680 ²⁴
1045 2646 1207 2707 Misit
1234 2647 1333 2706 illii

731 2758 921 2799 annas
942 2742 1205 2801 uinctum
1234 2743 1310 2801 ad

732 2834 961 2893 caiafan
983 2837 1311 2913 principem

730 2929 1101 2989 sacerdotum
1123 2961 1138 2976 ·

730 3022 927 3082 ”Erat
942 3033 1137 3082 autem
1158 3025 1349 3084 simon
1360 3043 1434 3101 pe

730 3125 854 3174 trus
882 3126 1041 3176 stans
1068 3128 1127 3176 et
1155 3118 1340 3178 calefa

732 3209 892 3269 ciens
920 3228 981 3269 se
1005 3241 1020 3256 ·
1066 3209 1335 3271 dixerunt

729 3320 876 3380 ergo
904 3303 983 3363 illi
1004 3335 1019 3350 ·
1064 3304 1352 3382 numquid

730 3407 790 3458 et
818 3407 881 3456 tu
910 3398 981 3457 de
1011 3399 1308 3476 discipulis

729 3492 857 3550 eius
884 3511 949 3552 es
972 3523 988 3539 ·
1032 3493 1268 3569 negauit
1296 3492 1387 3552 ille

731 3595 790 3644 et
809 3585 952 3644 dixit
969 3604 1092 3645 non
1110 3604 1241 3645 sum
1265 3618 1279 3634 ·
1323 3585 1436 3648 ”di

730 3680 811 3740 cit
838 3697 991 3738 unus
1016 3699 1090 3739 ex
1120 3681 1300 3740 seruis

730 3774 1011 3851 principis
1039 3775 1282 3834 sacerdo
1362 3809 1371 3816 -

731 3877 859 3926 tum
913 3868 1015 3946 qui
1043 3881 1331 3946 cognatus

737 3972 861 4021 erat
890 3962 1038 4021 illius
1063 3994 1076 4011 ·
1135 3963 1303 4023 cuius

730 4065 1133 4133 amputauerat
1160 4067 1359 4134 petrus

732 4163 1053 4224 auriculam
1077 4196 1092 4211 ·
1136 4141 1258 4224 noii
1286 4180 1403 4240 ego

1472 1394 1608 1444 runt
1635 1385 1697 1444 in
1725 1387 2015 1462 praetoriii
2038 1418 2053 1433 ·

1474 1496 1547 1538 ne
1577 1480 1996 1557 coinquinaren

1474 1583 1568 1631 tur
1635 1574 1741 1633 sed
1765 1584 1829 1632 ut
1858 1575 2077 1634 mandu

1477 1677 1674 1727 carent
1702 1668 1920 1744 pascha
1942 1701 1957 1716 ·

1445 1758 1521 1795 ⁴⁰
1538 1760 1737 1820 Exiuit
1762 1780 1903 1839 ergo
1931 1762 2140 1839 pilatus

1476 1854 1553 1913 ad
1580 1855 1710 1915 illos
1738 1866 1795 1915 et
1823 1857 1966 1916 dixit
1988 1888 2004 1905 ·
2059 1865 2175 1936 qua

1477 1950 1909 2009 accusationem
1936 1951 1998 2009 in

1477 2041 1637 2101 fertis
1662 2044 1797 2102 huic
1826 2043 2063 2105 homine

1476 2134 1525 2169 ⁸⁰
1544 2135 1994 2213 Responderunt
2019 2148 2077 2198 et

1481 2230 1747 2289 dixerunt
1772 2233 1825 2290 ei
1849 2263 1864 2279 ·
1907 2233 1955 2291 si
1984 2251 2105 2293 non

1482 2372 1634 2422 esset
1661 2363 1756 2423 hic
1784 2363 2121 2425 malefactor

1484 2475 1607 2516 non
1636 2458 1737 2517 tibi
1766 2459 2119 2520 traderemus

1484 2552 1647 2611 illum
1670 2585 1685 2600 ·
1727 2551 1771 2586 ⁸²
1788 2554 1955 2613 Dixit
1979 2574 2122 2631 ergo

1482 2647 1594 2706 illis
1627 2647 1836 2724 pilatus
1860 2679 1875 2696 ·
1918 2651 2105 2727 accipi

1480 2750 1537 2801 te
1564 2761 1703 2800 eum
1728 2759 1839 2801 uos
1862 2773 1876 2789 ·
1919 2752 1976 2802 et
2004 2763 2180 2804 secun

1486 2835 1628 2894 dum
1656 2835 1846 2913 legem
1872 2847 2117 2897 uestra*

1483 2929 1730 2989 iudicate
1758 2930 1919 2989 illum
1939 2964 2023 2975 —

1484 3021 1775 3082 Dixerunt
1802 3024 1883 3083 illi
1911 3025 2102 3085 iudaei
2124 3057 2139 3072 ·

1485 3117 1656 3176 nobis
1684 3135 1807 3177 non
1834 3118 1965 3177 licet
1991 3121 2122 3179 occi

1486 3210 1619 3269 dere
1647 3229 2003 3288 quemquam
2025 3244 2039 3259 ·

1484 3304 1531 3338 ⁸²
1541 3303 1625 3362 Ut
1639 3306 1883 3363 uerbum
1893 3305 1991 3364 ihu
2008 3307 2183 3384 imple

1484 3407 1639 3456 retur
1665 3399 1827 3475 quod
1857 3399 1997 3458 dixit

1486 3491 1823 3567 significans
1850 3511 1968 3570 qua
1992 3512 2125 3554 mor

1508 3603 1541 3643 e
1570 3595 1691 3644 erat
1712 3587 2022 3646 moriturus

1484 3678 1528 3712 ⁸⁸
1546 3677 1811 3739 Introiuit
1838 3680 2043 3740 iterum
2070 3681 2130 3741 in

1484 3776 1771 3851 praetorio
1800 3776 2009 3852 pilatus
2033 3806 2047 3822 ·

1483 3877 1540 3927 et
1569 3869 1805 3928 uocauit
1832 3870 1955 3928 ihm
1980 3902 1995 3917 ·
2036 3879 2095 3930 et

1482 3960 1627 4021 dixit
1648 3963 1727 4022 illi
1788 3972 1853 4022 tu
1880 3981 1944 4023 es
1973 3982 2071 4022 rex
2104 3965 2163 4022 iu

1482 4056 1760 4116 dacorum
1782 4087 1797 4102 ·
1842 4057 1885 4090 ⁸⁴
1902 4075 2113 4132 respon

1482 4149 1565 4210 dit
1592 4150 1681 4210 ihs
1710 4169 1745 4210 a
1772 4152 2078 4228 temetipso

2219 2946 2244 2960 ·
2290 2929 2723 2988 utestimonium
2750 2931 2853 2989 red

3155 279 3374 346 [xvm.
3407 284 3656 335 so—XIX.
3687 278 3742 338 6.

3031 447 3322 508 dimittam
3349 448 3523 507 uobis
3551 466 3616 508 re

3028 560 3165 617 gem
3193 542 3536 600 iudaeorum
3559 572 3574 589 ·

3028 633 3588 693 ⁴‘'Exclamauerunt
3615 654 3682 695 er

3031 744 3111 804 go
3139 744 3347 786 omnes
3374 727 3639 787 dicentes
3661 770 3680 787 .

3031 840 3154 880 non
3188 821 3343 880 hunc
3372 822 3476 880 sed
3502 823 3612 882 bar

3031 914 3228 972 abban
3251 944 3267 960 ·
3311 913 3452 973 Erat
3481 919 3618 975 aute

3031 1008 3324 1066 barabbas
3351 1007 3504 1068 latro
3528 1040 3543 1055 ·

3031 1105 3130 1160 1⁹.
3143 1100 3344 1161 ²Tunc
3361 1120 3504 1179 ergo
3512 1101 3740 1180 accepit

3030 1195 3243 1271 pilatus
3269 1194 3392 1253 ihm
3415 1226 3431 1242 ·
3475 1205 3534 1255 et
3561 1195 3641 1254 fla

3032 1287 3270 1365 gellauit
3291 1319 3306 1335 ·
3347 1290 3372 1324 ’
3387 1298 3446 1347 et
3473 1290 3678 1350 milites

3033 1390 3344 1442 texuerunt
3370 1390 3592 1443 corona

3035 1475 3109 1535 de
3138 1475 3320 1552 spinis
3375 1486 3433 1535 et
3461 1477 3678 1554 inposu

3035 1580 3207 1628 erunt
3233 1570 3296 1627 in
3323 1569 3518 1647 capud
3547 1572 3674 1631 eius
3693 1602 3712 1619 ·

3035 1670 3093 1721 et
3119 1664 3533 1723 uestimentum
3563 1684 3672 1742 pur

3036 1774 3284 1833 pureum
3313 1758 3614 1818 circumde

3035 1850 3248 1910 derunt
3274 1869 3410 1910 eum
3433 1882 3449 1898 ·
3493 1851 3516 1884 ⁸
3533 1852 3610 1911 Et
3637 1852 3698 1911 di

3037 1946 3249 2003 cebant
3315 1944 3466 2005 haue
3493 1965 3598 2005 rex
3627 1948 3688 2005 iu

3035 2036 3320 2097 dacorum
3339 2070 3354 2085 ·
3399 2049 3456 2097 et
3484 2039 3706 2099 dabant

3035 2131 3114 2189 illi
3143 2131 3370 2208 palmas
3393 2164 3408 2180 ·
3451 2133 3472 2165 ⁴
3491 2132 3690 2193 Exiuit

3035 2226 3245 2284 iterum
3273 2226 3486 2303 pilatus
3515 2226 3654 2286 soris

2277 455 2344 505 tu
2369 444 2484 506 hoc
2515 445 2660 507 dicis
2684 477 2698 493 ·
2741 464 2820 506 an
2849 446 2944 507 alii

2277 542 2380 600 tibi
2407 541 2523 601 hoc
2552 542 2623 599 de
2652 560 2748 601 me
2777 541 2910 601 dixe

2279 644 2414 693 runt
2443 666 2458 681 ·
2501 634 2548 667 ⁸⁶
2567 634 2900 711 Respondit

2278 728 2488 806 pilatus
2516 728 2800 806 numquid

2279 840 2394 898 ego
2422 809 2660 881 iudaeus
2689 840 2818 881 sum
2841 853 2856 869 ·

2281 916 2450 977 Gens
2477 926 2580 976 tua
2604 927 2664 975 et
2693 917 2884 994 princi

2278 1027 2388 1087 pes
2416 1010 2784 1071 sacerdotum

2278 1105 2635 1164 tradiderunt
2661 1116 2716 1164 te
2745 1106 2826 1164 mi

2280 1198 2342 1257 hi
2404 1199 2544 1277 quid
2574 1200 2756 1258 fecisti
2780 1230 2795 1245 ·

2281 1290 2326 1327 ⁸⁶
2345 1292 2675 1369 Respondit
2705 1294 2792 1353 ihs
2821 1312 2925 1370 reg

2281 1405 2426 1445 num
2453 1405 2651 1446 meum
2681 1406 2804 1447 non

2283 1490 2370 1540 est
2399 1481 2473 1539 de
2501 1480 2614 1540 hoc
2643 1481 2868 1541 mundo

2287 1574 2349 1634 Si
2377 1574 2450 1634 de
2479 1574 2593 1636 hoc
2623 1576 2849 1634 mundo
2879 1592 2945 1635 es

2283 1678 2369 1728 set
2397 1687 2643 1746 regnum
2673 1673 2809 1729 mcii
2831 1701 2844 1717 ·

2284 1763 2530 1822 ministri
2557 1764 2790 1841 utiquae

2285 1856 2403 1915 mei
2432 1857 2698 1917 resistent

2285 1969 2359 2010 ne
2389 1949 2640 2011 traderer
2666 1949 2837 2010 iudae

2286 2045 2336 2104 is
2357 2075 2372 2090 ·
2415 2063 2572 2104 nunc
2600 2054 2796 2104 autem

2286 2157 2531 2216 regnum
2560 2144 2696 2198 mcii
2726 2156 2847 2198 non

2287 2244 2377 2293 est
2403 2234 2540 2292 hinc
2564 2264 2580 2280 ·
2623 2233 2668 2267 ³⁷
2684 2232 2850 2291 Dixit
2875 2231 2956 2291 ita

3037 2366 3095 2417 et
3123 2358 3205 2417 ait
3229 2357 3341 2417 illis
3365 2389 3378 2405 ·
3413 2378 3556 2418 ecce
3582 2358 3742 2418 addu

3038 2470 3112 2512 co
3141 2452 3304 2511 illum
3331 2453 3503 2511 uobis
3532 2452 3671 2513 foris
3693 2484 3712 2501 ·

3039 2556 3102 2606 ut
3129 2547 3326 2606 sciatis
3353 2547 3517 2624 quod
3545 2549 3606 2606 in
3635 2549 3676 2607 il

3037 2639 3161 2699 lum
3190 2640 3427 2718 culpam
3454 2659 3579 2700 non
3608 2643 3670 2700 in

3038 2734 3216 2793 uenio
3239 2765 3254 2780 ·
3298 2735 3322 2766 ⁵
3337 2734 3535 2794 Exiuit
3553 2752 3698 2812 ergo

3038 2826 3196 2886 foras
3224 2826 3314 2887 ihs
3342 2827 3568 2888 habens

3039 2921 3309 2999 spineam
3337 2939 3624 2981 coronam
3647 2951 3663 2968 ·

2293 3021 2432 3082 dam
2461 3023 2684 3081 ueritati
2703 3055 2717 3070 ·
2739 3054 2754 3069 ·
2799 3023 2920 3084 Om
3039 3024 3100 3072 et
3125 3032 3480 3092 purpuream
3507 3017 3632 3074 tuni

2292 3115 2384 3174 nis
2413 3117 2512 3193 qui
2537 3125 2626 3174 est
2652 3116 2728 3175 de
2755 3118 2938 3178 uerita
3041 3126 3174 3167 cam
3199 3139 3213 3154 ·
3257 3109 3334 3167 Et
3364 3110 3506 3168 dicit
3533 3110 3644 3169 illis

2292 3219 2350 3268 te
2367 3209 2525 3268 audit
2540 3227 2750 3270 uocem
2769 3221 2988 3269 mea-u
3040 3221 3176 3262 ecce
3206 3202 3386 3262 homo
3409 3235 3423 3250 ·
3467 3204 3489 3236 ⁸
3506 3221 3685 3281 quem

2293 3302 2598 3362 ”Dicitilli
2620 3304 2830 3380 pilatus
2848 3305 2990 3382 quid
3041 3314 3176 3354 cum
3205 3297 3488 3356 uidissent
3513 3297 3646 3374 prin

2293 3407 2384 3456 est
2409 3397 2622 3457 ueritas
2645 3428 2660 3444 ·
2703 3397 2781 3457 Et
2809 3416 2948 3458 cum
3041 3391 3203 3465 cipes
3231 3391 3604 3450 sacerdotum
3625 3421 3642 3438 ·

2294 3491 2409 3551 hoc
2439 3491 2678 3550 dixisset
2761 3493 2909 3552 iterii
3043 3493 3102 3544 et
3128 3485 3374 3544 ministri
3427 3485 3598 3544 excla

2294 3585 2837 3644 exiuitadiudaeos·
2867 3585 2992 3646 etdi
3044 3589 3352 3638 mauerunt
3379 3579 3643 3640 dicentes
3747 3567 3756 3580 ’

2294 3679 2374 3739 cit
2399 3679 2507 3738 illis
2569 3695 2684 3756 ego
2713 3679 2932 3738 nullam
3041 3673 3318 3749 crucifige
3345 3673 3620 3750 crucifige

2292 3791 2529 3832 causam
2558 3773 2796 3831 inuenio
2822 3774 2883 3831 in
2910 3773 2950 3831 il
3039 3767 3202 3826 illum
3233 3798 3248 3813 ·
3291 3766 3456 3826 Dixit
3483 3768 3592 3827 illis
3619 3767 3682 3845 pi

2291 3866 2412 3926 lum
2437 3898 2451 3913 .
2487 3866 2532 3900 ³⁹
2548 3875 2639 3926 est
2660 3877 2854 3925 autem
2876 3885 2992 3927 con
3041 3861 3192 3920 latus
3217 3862 3464 3938 accipite
3491 3880 3600 3922 uos
3624 3861 3665 3921 il

2289 3961 2537 4021 suetudo
2566 3959 2737 4020 uobis
2805 3969 2870 4018 ut
2895 3979 2936 4019 u
3041 3954 3164 4015 lum
3191 3964 3250 4014 et
3277 3955 3594 4033 crucifigite
3615 3987 3632 4002 ·

2287 4072 2432 4112 num
2463 4055 2747 4113 dimittam
2776 4054 2946 4114 uobis
3041 4067 3156 4126 ego
3185 4050 3345 4109 enim
3371 4068 3496 4109 non
3523 4051 3662 4109 inue

2287 4149 2644 4226 perpascha·
2667 4149 2990 4225 uultisergo
3039 4147 3142 4206 nio
3171 4146 3232 4204 in
3261 4145 3420 4205 illum
3451 4143 3686 4222 culpam

2289 2382 2440 2443 quae
2469 2364 2548 2423 illi
2575 2364 2786 2441 pilatus
2808 2393 2823 2410 ·
2866 2385 2930 2426 er

2289 2477 2370 2536 go
2399 2469 2462 2517 tu
2489 2478 2592 2519 rex
2619 2477 2684 2519 es
2708 2490 2723 2505 ·
2773 2478 2988 2538 respon

2291 2554 2374 2614 dit
2400 2554 2490 2613 ihs
2518 2564 2581 2613 tu
2610 2554 2754 2613 dicis
2809 2556 2971 2633 quod

2291 2667 2392 2708 rex
2417 2667 2546 2709 sum
2577 2667 2693 2724 ego
2717 2679 2731 2696 ·
2775 2649 2908 2728 Ego
2927 2652 2988 2709 in

2291 2742 2406 2801 hoc
2434 2753 2607 2800 natus
2634 2759 2766 2801 sum
2794 2753 2852 2802 et
2879 2744 2954 2802 ad

2291 2835 2408 2895 hoc
2434 2835 2572 2894 ueni
2597 2836 2659 2893 in
2685 2837 2911 2896 mundo
2929 2869 2945 2886 ·

3779 456 3915 505 1¹01.
3938 456 4076 503 245.
