4373 5048
599 396 738 449 x1v.
761 392 979 461 25-5r.]
1923 386 2199 450 MARC
2216 418 2230 434 ·
2254 418 2268 435 ·

3490 408 3616 477 133

2910 558 3133 621 Dicens
3156 590 3171 607 ·
3255 568 3507 640 quemcfi

2911 673 3025 732 que
3054 655 3355 717 osculatus
3382 657 3446 716 fu

2910 767 3011 809 ero
3095 750 3223 828 ipse
3251 761 3340 810 est
3368 759 3429 811 te

2910 854 3047 903 nete
3076 861 3213 903 eum
3240 854 3297 903 et
3327 845 3487 905 abdu

2153 558 2403 619 ueniatis
2431 560 2493 619 in
2524 569 2647 619 tem
3639 565 3767 615 ποι.
3788 568 3918 619 1074.

2156 654 2443 713 tationem
2512 660 2613 731 sps

2155 747 2395 825 quidem
2425 759 2693 826 promtus

2154 860 2297 901 caro
2326 852 2521 903 autem
2548 842 2681 901 infir

1358 555 1627 616 dixerunt
1650 580 1816 608 mm

1305 648 1335 682 *
1355 650 1400 685 ⁸²
1419 652 1497 711 Et
1522 652 1766 712 ueniunt
1793 654 1856 711 in
1885 671 1990 729 pre

1303 747 1340 779 ⁴*
1355 746 1518 806 dium
1547 746 1708 823 quod
1737 747 1854 807 dici

1305 837 1448 901 *tur
1474 842 1810 917 gessemani
1835 872 1848 887 ·

279 556 426 607 Pol.
448 557 576 607 106.
602 577 674 619 co
695 558 867 617 uobis
893 556 1057 634 quod

601 656 718 712 iam
746 671 868 713 non
896 653 1096 711 bibam

600 747 674 807 de
702 748 1082 824 generatione

601 842 734 901 uitis
760 859 986 918 usquae
1014 841 1076 899 in

601 935 755 995 diem
784 935 947 993 illum
974 952 1110 995 cum

603 1030 742 1089 illud
769 1030 970 1089 bibam
997 1029 1057 1087 in
1086 1038 1186 1105 r0g

602 1143 684 1185 no
714 1125 772 1183 di
790 1158 804 1171 ·
830 1156 845 1172 ·
905 1121 952 1157 ⁹⁸
965 1132 1025 1183 et
1051 1123 1284 1202 hymno
1354 1141 1464 1183 nec
1492 1140 1656 1183 orem
1681 1155 1694 1170 ·

602 1219 759 1279 dicto
786 1219 1052 1279 exierunt

601 1315 662 1372 in
689 1322 953 1373 montem
978 1312 1134 1371 oliue

603 1408 646 1468 ti
667 1440 680 1455 ·
764 1406 810 1441 ’Ὺ
830 1406 910 1466 Et
937 1407 1019 1465 ait
1045 1406 1154 1465 illis
1182 1404 1274 1465 ihs

604 1500 759 1574 Quia
786 1518 994 1559 omnes
1020 1517 1130 1559 uos

604 1595 945 1657 scandalum
985 1594 1139 1671 patie

605 1690 746 1749 mini
764 1721 778 1736 ·
863 1689 1148 1766 quoniam

607 1783 884 1860 scriptum
913 1792 1000 1841 est
1029 1800 1134 1859 per

605 1878 820 1937 cutiam
847 1880 1080 1954 pastore

605 1980 662 2031 et
689 1987 832 2031 oues
860 1970 1176 2046 dispargen

605 2074 695 2131 tur
717 2096 732 2113 ·
758 2096 774 2111 ·
857 2060 900 2096 ²⁸
919 2061 1035 2122 Sed
1063 2070 1202 2141 post

605 2176 783 2235 quam
809 2175 1068 2217 resurrex

607 2269 708 2313 ero
735 2252 1086 2331 praecedam

607 2402 718 2445 uos
749 2386 812 2444 in
839 2383 1108 2463 galileam
1127 2418 1208 2427 —

605 2480 651 2515 ¹·
669 2479 870 2540 Petrus
898 2489 1092 2540 autem
1119 2480 1198 2540 ait
1225 2479 1280 2540 ei

607 2585 666 2635 et
693 2576 740 2634 si
769 2593 976 2634 omnes
1005 2593 1148 2634 scan

607 2668 836 2728 dalizati
866 2669 1072 2727 fuerint

610 2765 714 2823 sed
742 2771 1010 2839 ego‘non
1039 2780 1182 2822 scan

609 2857 902 2917 dalizabor
923 2889 938 2904 ·
1022 2857 1068 2889 ⁸⁰
1086 2856 1197 2915 Cui

609 2952 754 3011 dixit
780 2951 870 3011 ihs
898 2969 1071 3011 amen
1101 2951 1158 3008 di

609 3064 683 3107 co
710 3045 814 3105 tibi
894 3046 1054 3122 quod
1081 3044 1193 3104 hac

610 3151 782 3200 nocte
811 3149 1124 3218 antequam

610 3234 701 3294 bis
725 3233 910 3311 gallus
938 3242 1134 3294 cantet

611 3337 697 3387 ter
721 3346 817 3386 me
844 3345 910 3386 es
935 3335 1151 3404 negatu

610 3439 738 3481 rus·
765 3453 780 3470 ·
822 3420 866 3455 ⁸¹
883 3431 1081 3499 petrus
1109 3439 1185 3479 au

611 3527 769 3576 utem
799 3515 1116 3576 abundanti

611 3628 680 3670 us
707 3611 1051 3687 loquebatur
1068 3639 1084 3656 ·

611 3703 688 3763 Et
715 3705 764 3763 si
790 3703 1110 3780 oportuerit

611 3817 708 3858 me
735 3799 904 3858 simul
935 3815 1173 3857 commo

611 3893 713 3951 rire
741 3903 935 3953 tecum
963 3910 1088 3950 non

610 3995 667 4046 te
695 3987 928 4065 negabo
959 3985 1129 4045 simili

609 4091 698 4140 ter
725 4091 922 4142 autem
949 4089 1006 4140 et
1034 4097 1244 4140 omnes

1354 932 1432 994 Et
1459 935 1540 995 ait
1560 934 1856 1013 discipulis

1356 1030 1474 1089 suis
1557 1029 1757 1089 sedete
1784 1029 1882 1089 hic
1909 1030 1988 1090 do

1777 1122 1822 1157 ³³
1840 1122 1916 1183 Et
1943 1123 2019 1183 ad

1356 1218 1534 1277 sumit
1560 1228 1788 1295 petrum
1817 1227 1876 1278 et

1357 1312 1634 1371 iacobum
1661 1321 1721 1371 et
1747 1311 1926 1371 iohan

1352 1423 1490 1464 nem
1524 1423 1722 1465 secum
1741 1436 1756 1451 ·
1797 1406 1876 1465 Et
1902 1422 2008 1466 coe

1353 1500 1439 1577 pit
1465 1499 1664 1577 paneri
1692 1508 1751 1558 et
1775 1500 1896 1558 tedi

1354 1594 1437 1653 ari
1517 1592 1562 1627 ⁸⁴
1579 1593 1658 1653 Et
1687 1594 1765 1652 ait
1793 1594 1902 1652 illis
1929 1594 2032 1652 tris

1356 1688 1429 1748 tis
1456 1697 1546 1747 est
1575 1688 1774 1746 anima
1802 1706 1938 1747 mea

1356 1799 1578 1858 usquae
1607 1781 1681 1841 ad
1712 1790 1961 1842 mortem

1359 1876 1635 1935 sustinete
1663 1874 1760 1935 hic
1830 1886 1888 1935 et
1916 1875 1976 1933 ui

1357 1970 1528 2047 gilate
1557 1987 1791 2029 mecum
1810 2002 1826 2015 ·
1893 1968 2034 2030 ”Et

1358 2082 1495 2123 cum
1522 2064 1877 2140 procesisset

1357 2157 1653 2236 paululum
1673 2189 1688 2205 ·
1772 2157 1938 2236 proci

1360 2253 1443 2312 dit
1469 2252 1530 2312 in
1559 2251 1766 2313 faciem
1797 2269 1972 2330 super

1359 2394 1572 2443 terram
1601 2391 1660 2443 et
1686 2384 1896 2442 orabat
1919 2414 1933 2429 ·

1359 2478 1408 2538 si
1437 2476 1560 2536 fieri
1594 2488 1787 2555 potest
1856 2486 1920 2538 ut

1357 2572 1625 2632 transiret
1651 2574 1727 2631 ab
1753 2591 1828 2630 eo

1357 2667 1503 2726 hora
1529 2666 1638 2726 hec
1721 2667 1765 2700 ⁸⁶
1783 2667 1862 2725 Et
1890 2666 2019 2727 dice

1360 2762 1460 2819 bat
1489 2762 1642 2820 abba
1669 2769 1833 2838 pater

1357 2855 1558 2916 omnia
1599 2855 1897 2932 possibilia

1359 2949 1462 3008 tibi
1497 2959 1631 3008 sunt
1650 2980 1664 2995 ·
1749 2957 1909 3008 trans

1360 3041 1444 3102 fer
1472 3043 1628 3102 hunc
1657 3043 1902 3102 calicem

1361 3155 1397 3198 a
1423 3155 1518 3196 me
1538 3169 1551 3183 ·
1599 3135 1715 3195 Sed
1737 3155 1860 3196 non
1882 3135 2043 3214 quod

1361 3250 1473 3308 ego
1500 3230 1640 3291 uolo
1669 3231 1774 3291 sed
1801 3230 1962 3308 quod

1358 3335 1421 3385 tu
1440 3325 1528 3385 uis
1553 3358 1566 3372 ·
1611 3325 1654 3358 ⁸⁷
1670 3325 1751 3384 Et
1769 3325 1883 3384 hoc
1906 3343 2042 3385 cum

1358 3419 1598 3478 dixisset
1631 3419 1792 3478 uenit
1872 3427 1931 3479 et

1358 3513 1582 3572 inuenit
1607 3531 1712 3572 eos
1742 3513 1850 3572 dor

1359 3607 1606 3666 mientes
1629 3639 1642 3654 -
1727 3606 1805 3665 Et
1832 3607 1912 3666 ait

1361 3709 1529 3778 petro
1557 3701 1749 3759 simon
1777 3699 1886 3760 dor

1361 3795 1474 3854 mis
1493 3827 1507 3844 ·
1592 3812 1718 3854 non
1744 3795 1938 3871 potuis

1363 3890 1406 3949 ti
1434 3907 1554 3948 una
1580 3888 1728 3948 hora
1754 3889 1932 3964 uigila

1363 4001 1425 4043 re
1453 4001 1687 4042 mecum
1707 4013 1720 4030 ·
1803 3982 1981 4058 ⁸13uigi

1364 4077 1478 4139 late
1506 4087 1564 4138 et
1592 4086 1755 4138 orate
1783 4085 1846 4136 ut
1873 4094 1998 4138 non

2154 954 2255 995 ma
2278 968 2291 983 ·
2376 937 2421 970 ⁸⁹
2437 937 2516 997 Et
2544 936 2757 997 iterum

2155 1031 2296 1090 abiit
2324 1048 2492 1090 orare
2520 1050 2637 1090 eun

2156 1124 2293 1183 dem
2323 1142 2654 1184 sermonem

2157 1218 2357 1277 dicens
2382 1250 2396 1265 ·
2480 1217 2527 1253 ⁴⁰
2545 1220 2624 1279 Et
2650 1218 2790 1279 ueni

2155 1330 2262 1371 ens
2288 1312 2509 1371 inuenit
2535 1330 2641 1373 eos

2155 1406 2361 1466 iterum
2389 1406 2579 1466 dormi

2156 1509 2322 1559 entes
2346 1531 2361 1546 ·
2448 1512 2614 1560 erant

2156 1594 2317 1653 enim
2342 1594 2497 1653 oculi
2526 1600 2673 1654 eort‘i

2154 1688 2377 1763 grauati
2414 1706 2449 1747 a
2478 1705 2693 1747 somno

2153 1780 2234 1840 Et
2261 1780 2614 1857 ignorabant

2154 1874 2295 1951 quid
2321 1875 2611 1952 responde
2721 1947 2725 1951 Ι

2153 1978 2283 2027 rent
2309 1968 2364 2028 ei
2382 2000 2398 2016 ·
2481 1970 2525 2003 ⁴²
2542 1969 2621 2027 Et
2646 1968 2811 2029 uenit

2155 2062 2321 2121 tertio
2347 2071 2407 2121 et
2434 2063 2513 2121 ait
2541 2062 2651 2121 illis

2155 2156 2401 2216 dormite
2430 2158 2547 2215 iam
2577 2167 2635 2215 et
2664 2175 2727 2216 re

2155 2250 2427 2327 quiescite
2510 2251 2639 2310 suffi

2155 2383 2235 2441 cit
2263 2382 2393 2441 finis
2421 2392 2480 2443 et
2509 2382 2716 2442 hora-

2155 2476 2317 2536 Ecce
2346 2476 2585 2536 traditur
2615 2477 2693 2537 fili

2154 2589 2225 2630 us
2254 2571 2507 2632 hominis
2533 2573 2594 2630 in
2622 2591 2721 2633 ma

2157 2683 2268 2723 nus
2294 2675 2673 2742 peccatorum

2155 2755 2205 2796 ⁴²
2220 2760 2438 2836 surgite
2467 2777 2672 2818 eamus

2155 2852 2313 2913 Ecce
2342 2853 2751 2931 adpropinqua

2155 2949 2237 3006 uit
2265 2947 2363 3025 qui
2392 2965 2487 3008 me
2515 2947 2700 3006 tradet

2155 3041 2200 3076 ⁴⁸
2221 3041 2449 3101 Etcum
2468 3041 2659 3100 adhuc
2680 3041 2859 3120 loque

2153 3145 2310 3195 retur
2328 3166 2343 3184 ·
2426 3134 2607 3194 Uenit
2635 3135 2695 3195 iu

2155 3230 2262 3289 das
2290 3228 2543 3289 scarioth
2571 3248 2724 3289 unus

2154 3324 2229 3384 de
2260 3323 2569 3384 duodecim
2592 3355 2609 3372 ·
2688 3324 2768 3384 Et

2157 3437 2294 3478 cum
2322 3435 2396 3478 eo
2424 3419 2593 3476 turba
2623 3437 2760 3477 cum

2155 3511 2363 3590 gladiis
2391 3521 2449 3571 et
2480 3511 2728 3571 fustibus

2156 3607 2214 3666 A
2242 3606 2600 3684 principibus
2628 3624 2793 3666 sacer

2157 3701 2368 3760 dotum
2400 3711 2457 3759 et
2486 3700 2689 3760 scribis

2157 3804 2218 3853 et
2245 3795 2572 3855 senioribus
2597 3825 2659 3841 ·-

2157 3889 2203 3924 ⁴⁴
2224 3889 2484 3948 Dederat
2510 3897 2705 3948 autem
2734 3888 2833 3966 qui

2157 4000 2295 4042 eum
2322 3983 2629 4043 traditurus

2158 4088 2280 4138 erat
2309 4078 2540 4156 signum
2570 4077 2771 4138 dicens

2910 938 3023 995 cite
3052 938 3361 1015 diligenter
3385 971 3399 986 ·

2908 1031 2955 1063 ⁴³
2971 1030 3049 1090 Et
3078 1051 3215 1091 eum
3244 1034 3589 1095 accessisset

2908 1126 2989 1185 ait
3016 1126 3095 1185 illi
3124 1128 3288 1186 rabbi
3352 1140 3410 1187 et

2908 1220 3205 1279 osculatus
3232 1232 3321 1281 est
3347 1228 3422 1281 εὖ

2907 1314 2951 1347 ⁴⁶
2973 1314 3149 1374 Tunc
3176 1314 3256 1373 illi
3282 1333 3494 1401 manus
3522 1316 3577 1375 ei

2906 1407 3227 1467 iniecerunt
3292 1419 3351 1468 et
3380 1419 3437 1469 te

2910 1512 3159 1561 nuerunt
3186 1520 3323 1561 eum
3347 1535 3361 1551 ·

2908 1614 3063 1655 unus
3091 1595 3165 1655 de
3194 1597 3417 1657 circum

2913 1690 3204 1750 stantibus
3232 1709 3407 1750 exem

2909 1792 2972 1841 to
3000 1782 3198 1860 gladio
3227 1803 3438 1861 percus

2908 1877 2984 1936 sit
3010 1894 3204 1936 serum
3233 1879 3420 1953 princi

2908 1971 2999 2048 pis
3028 1970 3397 2030 sacerdotum

2908 2062 2985 2123 Et
3012 2066 3441 2142 amputauitilli
3471 2084 3546 2126 au

2907 2157 3151 2217 riculam
3170 2188 3185 2205 ·
3270 2158 3314 2191 ⁴⁸
3331 2158 3420 2219 ihs
3448 2177 3527 2221 au

2909 2262 3029 2312 tem
3058 2254 3136 2311 ait
3164 2252 3273 2313 illis
3355 2264 3475 2314 tam

3446 1504 3493 1537 4⁷
3509 1504 3592 1567 Et

2910 2402 3091 2462 quam
3117 2383 3193 2443 ad
3221 2383 3446 2443 latrone

2909 2477 3109 2538 existis
3137 2495 3275 2537 cum
3303 2476 3402 2555 gla

2909 2572 3020 2631 diis
3049 2580 3107 2630 et
3136 2571 3384 2632 fustibus

2908 2665 3328 2742 conprehende

2907 2778 2971 2818 re
3000 2777 3097 2818 me
3178 2759 3221 2792 ⁴⁹
3240 2760 3477 2820 cottidie

2910 2870 3074 2912 eram
3102 2854 3259 2931 apud
3286 2873 3396 2913 uos

2908 2946 3129 3006 docens
3156 2947 3218 3004 in
3248 2956 3367 3006 tem

2910 3041 3010 3118 plo
3038 3049 3097 3100 et
3122 3058 3245 3100 non
3272 3051 3413 3101 tenu

2908 3135 3031 3195 istis
3060 3152 3154 3193 me
3174 3166 3189 3182 ·
3273 3135 3378 3195 sed
3406 3147 3471 3198 ut

2912 3229 3255 3306 impleantur
3282 3230 3434 3309 scrip

2914 3334 3073 3382 turae
3094 3353 3109 3370 ·
3132 3355 3149 3372 ·
3208 3323 3256 3356 ⁶⁰
3272 3323 3352 3384 Et
3380 3325 3527 3386 relin

2914 3426 3161 3496 quentes
3188 3434 3329 3477 eum
3442 3421 3447 3428 '

2913 3528 3124 3570 omnes
3154 3509 3425 3588 fugerunt

2913 3605 2957 3639 ⁵¹
2973 3604 3339 3665 Adulescens
3370 3610 3504 3664 aute

2914 3699 3153 3776 quidam
3181 3716 3361 3775 seque

2912 3794 3083 3852 batur
3107 3809 3243 3852 eum
3270 3793 3423 3854 amic

2911 3897 3005 3946 tus
3034 3887 3283 3946 sindone
3312 3904 3385 3945 su

2912 4000 3019 4060 pra
3046 3980 3270 4040 nudum
3298 3980 3379 4039 Et

2911 4085 3220 4136 tenuerunt
3246 4092 3387 4134 eum
