4373 5048
1045 469 1291 530 RELA
1310 470 1541 535 TION
1567 471 1689 533 oF
1711 493 1757 555 q
1798 471 1908 533 To
1945 469 2257 532 OTHER
2305 470 2631 533 OLD-LA
2654 471 2825 534 TIN
2857 471 3171 536 TEXTS.
3344 472 3509 537 xlvii

788 639 1030 712 Selectgd
1042 641 1310 717 readings
1328 642 1450 701 and
1467 643 1798 719 renderings
1826 643 1889 702 in
1905 641 2091 702 which
2198 640 2441 702 Selecled
2460 642 2727 720 readings
2752 643 2875 702 and
2892 643 3221 720 rendert'ngs
3242 645 3304 702 in
3320 643 3509 704 whida

1032 738 1064 797 f
1083 758 1124 817 q
1148 740 1494 820 dfferfrom
1520 741 1651 800 each
1679 742 1848 800 other.
2441 740 2473 799 f
2493 759 2648 818 qare
2667 742 2874 817 agreed
2893 744 3126 818 against
3146 743 3299 803 other
3314 741 3507 801 Euro-

791 833 968 894 Mark
995 835 1054 896 ii.
2432 848 2577 914 pean
2603 845 2769 899 texts.

838 951 930 993 10.
973 934 1123 995 filius
1149 934 1407 996 hominis
1435 937 1468 996 b
1494 957 1546 1016 q.

1113 1033 1151 1094 s.
1180 1032 1240 1092 h.
1267 1051 1443 1113 super
1472 1044 1688 1096 terram
1714 1054 1754 1094 a
1779 1033 1877 1114 es
1894 1032 2052 1115 (-ra).

1117 1131 1153 1190 s.
1182 1131 1239 1191 h.
1267 1133 1330 1191 in
1357 1143 1511 1193 terra
1537 1132 1728 1193 dAm.
1781 1173 1791 1182 -
2248 1205 2335 1244 Π·
2380 1186 2481 1247 tibi
2509 1186 2644 1248 dico
2672 1207 2710 1246 a
2738 1187 2895 1265 dsq
2923 1187 3058 1247 Am,

2524 1304 2626 1345 om.
2655 1286 2688 1345 b
2714 1305 2759 1346 e.

841 1399 929 1440 η.
973 1381 1066 1442 ille
1105 1392 1303 1443 autem
1336 1401 1584 1461 surgens
1625 1383 1752 1444 tulit
1795 1385 2094 1445 crabatum

1199 1481 1232 1540 b
1260 1500 1311 1557 q.

1118 1587 1176 1639 et
1201 1578 1296 1639 ille
1325 1579 1636 1641 confestim
1674 1599 1923 1659 surgens
1959 1584 2093 1642 sub-

1197 1677 1316 1738 lato
1343 1679 1611 1756 grabatto
1639 1699 1692 1738 a.

1117 1787 1176 1836 et
1225 1777 1418 1836 statim
1470 1779 1712 1838 surrexit
1758 1789 1817 1838 et
1865 1778 2094 1841 sublato

1198 1893 1286 1952 gr.
1316 1876 1362 1932 d
1355 1877 1425 1954 s
1437 1874 1663 1955 (statim
1690 1877 1812 1957 ille)
1839 1877 2027 1958 (Am.)

1118 1982 1176 2032 et
1207 1990 1450 2052 surgens
1479 1973 1794 2036 adsumens
1821 1995 1904 2054 gr.
1933 1994 1983 2035 e.

975 2071 1112 2148 quia
1139 2089 1464 2149 numquam
1492 2073 1681 2133 taliter
1708 2075 1923 2136 uidisse
1951 2093 2014 2135 se
2041 2095 2090 2152 q.

1117 2184 1440 2244 numquam
1461 2168 1650 2226 taliter
1669 2169 1884 2229 uidisse
1913 2188 1975 2230 se
1995 2191 2050 2230 α.

1117 2260 1256 2338 quia
1319 2279 1644 2340 numquam
1701 2265 1785 2324 sic
1839 2263 2091 2324 uidimus

1174 2359 1244 2436 s
1257 2359 1390 2418 Am.

1118 2457 1254 2534 quia
1281 2457 1466 2518 taliter
1492 2477 1816 2539 numquam
1837 2461 1949 2521 uid.
1978 2463 2030 2521 d.

1119 2557 1399 2631 quoniam
1461 2558 1542 2618 sic
1605 2577 1928 2638 numquam
1997 2561 2092 2620 tal.

1199 2653 1312 2711 uid.
1339 2674 1383 2713 e.

1119 2752 1402 2829 quoniam
1423 2753 1613 2813 taliter
1633 2774 1754 2815 non
1776 2756 1908 2818 talia
1929 2757 2093 2817 uide-

1199 2860 1334 2911 runt
1361 2852 1408 2911 b.

843 2964 932 3022 13.
975 2949 1262 3024 processit
1288 2950 1333 3008 d
1353 2970 1405 3026 q.

1117 3048 1256 3107 exiit
1279 3068 1318 3107 a
1344 3050 1377 3109 b
1404 3069 1446 3109 e.

1118 3163 1388 3222 egressus
1416 3149 1582 3227 ests
1595 3150 1725 3209 Am.

974 3244 1284 3321 omnisque
1313 3246 1345 3305 b
1373 3266 1408 3323 q
1438 3247 1566 3307 Am.

1119 3353 1177 3402 et
1206 3346 1398 3403 omnis
1426 3366 1464 3404 a
1494 3346 1538 3403 d
1558 3345 1818 3429 (omnes)
1847 3351 1948 3428 es:
2250 3434 2340 3489 14·
2383 3416 2494 3477 leui
2524 3436 2575 3493 q,
2604 3416 2980 3496 leuianm.

2526 3516 2798 3576 iacobum
2826 3537 2864 3575 a
2892 3518 2925 3575 b
2952 3517 2997 3573 d
3016 3538 3057 3581 e.

843 3624 933 3684 15.
977 3610 1382 3672 discumbente
1411 3612 1508 3674 illo
1535 3632 1586 3691 q.

1119 3708 1617 3772 discumbentibus
1645 3714 1729 3774 eis
1757 3735 1796 3774 α
1817 3713 1874 3795 (b
1903 3716 2054 3798 illis).

1121 3810 1593 3870 recumbentibus
1621 3812 1732 3872 illis
1758 3816 1810 3872 d.

1118 3922 1256 3966 cum
1355 3906 1748 3971 discumberet
1823 3914 1893 3991 s
1962 3915 2096 3975 Am.

1200 3999 1510 4085 (accum·).

1122 4119 1260 4161 cum
1292 4105 1696 4167 recumberent
1722 4128 1762 4165 e.

979 4200 1395 4261 recumbebant
1422 4223 1461 4262 a
1487 4204 1520 4263 b
1547 4204 1592 4262 d
1610 4224 1638 4261 e
1659 4225 1713 4281 q.

1123 4298 1566 4361 discumbebant
1567 4303 1637 4380 s
1648 4304 1782 4363 Am.
