4373 5048
887 460 1010 541 158
1761 458 2217 521 EDJTORJS
2254 458 2617 521 NOTULA
2630 462 2733 523 E..

884 632 1004 687 Fol.
1034 630 1153 686 196.
1191 642 1278 700 25.
1313 646 1454 699 rgno
1477 634 1637 701 ηιμ,
1661 647 1695 685 e
1717 633 1992 700 superscr.
2018 647 2162 685 corr.
2188 646 2263 685 m.
2270 633 2337 701 p.

881 728 1002 784 Fol.
1032 728 1132 783 196
1156 728 1212 782 b.
1266 740 1351 795 32.
1389 726 1447 780 in
1485 726 1742 796 predium
1776 745 1788 781 τ
1851 726 1908 781 in
1950 744 2049 797 pre
2079 731 2378 797 purpureo
2420 726 2601 780 colore
2638 726 2705 779 in
2746 741 2959 779 rasura
2996 734 3095 780 unt
3139 728 3370 797 scripsit
3403 744 3477 781 m.
3500 730 3582 797 p.,

1021 828 1168 882 quae
1197 812 1394 881 primo
1425 819 1524 865 unt
1560 815 1629 863 ut
1665 808 1901 864 uidetur
1926 814 2041 881 per
2074 812 2362 864 incuriam
2405 808 2817 879 duplicauerat.
2890 823 2977 877 34.
3002 819 3023 865 t
3057 811 3123 863 in
3158 819 3245 866 est
3276 812 3342 863 in
3374 827 3586 865 rasura

1019 897 1233 965 scnpta
1255 900 1338 947 est
1358 910 1397 945 a
1419 908 1493 946 ηι
1500 896 1562 963 p.
1653 905 1740 961 37.
1776 892 1833 947 in
1855 894 1920 946 in
1940 892 2149 949 inuenit
2171 895 2239 948 in
2255 909 2467 947 rasura
2484 894 2696 962 smpta
2720 898 2804 946 est
2818 909 2857 945 a
2872 908 2945 945 m.
2943 895 3009 963 p.
3098 894 3184 961 38.
3222 910 3261 963 g
3275 894 3342 948 in
3360 893 3586 963 uigilate

1022 980 1135 1033 exl
1159 978 1406 1033 correxit
1427 994 1501 1029 ηι
1508 979 1576 1046 p.

883 1078 929 1131 F
933 1076 1004 1130 ol.
1033 1074 1136 1130 197
1154 1074 1210 1127 b.
1264 1088 1350 1140 44.
1387 1090 1420 1127 e
1452 1074 1516 1125 in
1552 1089 1682 1127 eum
1717 1072 1783 1125 in
1807 1089 2020 1126 rasura
2053 1089 2089 1126 u
2120 1072 2337 1142 smpta
2372 1076 2455 1125 est
2487 1088 2525 1123 a
2562 1088 2635 1124 m.
2640 1072 2725 1140 p.‚
2761 1087 2907 1140 quae
2942 1078 3011 1126 ut
3044 1072 3276 1125 uidetur
3308 1082 3589 1128 teneteum

1023 1158 1258 1213 scribere
1280 1158 1579 1227 inceperat.
1663 1170 1752 1223 49.
1789 1154 2085 1225 impleatur
2109 1173 2184 1209 m.
2188 1159 2270 1226 p.,
2296 1172 2333 1209 n
2357 1158 2633 1225 superscr.
2658 1171 2802 1209 corr.
2829 1171 2902 1209 m.
2913 1159 2975 1226 p.
2983 1174 3018 1221 ,·
3068 1155 3145 1208 im
3172 1158 3237 1209 in
3261 1172 3473 1210 rasura
3497 1172 3587 1211 em

1024 1248 1094 1296 ut
1113 1240 1345 1296 uidetur
1363 1240 1640 1310 scriptum
1663 1243 1747 1292 est
1766 1256 1804 1292 a
1829 1255 1902 1291 ηι
1906 1242 1973 1309 p.

885 1341 1004 1395 Fol.
1035 1337 1136 1393 198
1155 1338 1209 1392 b.
1266 1348 1348 1406 59.
1386 1334 1432 1390 si
1457 1344 1542 1390 ert
1566 1338 1728 1405 m.p.,
1754 1352 1786 1388 c
1813 1374 1826 1387 .
1855 1374 1868 1388 .
1895 1374 1909 1389 .
1933 1352 1970 1389 a
1993 1338 2269 1406 superscr.
2294 1350 2437 1389 corr.
2464 1350 2537 1387 m.
2543 1337 2610 1405 p.

1024 1423 1166 1476 Post
1170 1419 1282 1491 sol.
1312 1418 1431 1475 199.
1442 1418 1600 1489 solia
1622 1435 1697 1472 ex
1719 1418 1914 1473 Codice
1924 1420 2232 1488 perierunt
2252 1418 2381 1472 duo.

888 1520 1006 1575 Fol.
1030 1518 1138 1574 200
1155 1518 1210 1572 b.
1270 1517 1354 1571 15.
1392 1528 1483 1583 44.
1519 1526 1607 1583 45.
1644 1514 1732 1581 46.
1777 1531 1868 1568 em
1895 1554 1909 1569 .
1937 1554 1950 1567 .
1979 1554 1992 1567 .
2019 1511 2184 1585 iosph
2214 1554 2226 1567 .
2254 1554 2267 1566 .
2296 1554 2309 1566 .
2335 1513 2452 1583 qud
2494 1516 2657 1583 m.p.,
2702 1529 2738 1565 u
2765 1553 2777 1565 .
2808 1553 2820 1565 .
2849 1552 2862 1565 .
2889 1530 2921 1567 e
2949 1552 2962 1569 .
2990 1552 3003 1567 .
3032 1554 3044 1566 .
3072 1530 3106 1567 0
3130 1517 3407 1584 superscr.
3444 1530 3589 1569 corr.

1025 1619 1098 1655 m.
1156 1640 1170 1655 .

886 1699 1008 1754 Fol.
1034 1604 1156 1753 2οἷ
1217 1694 1300 1749 16.
1330 1709 1381 1764 9.
1436 1693 1594 1747 Ante
1632 1693 1879 1762 Surgens
1911 1693 2113 1762 posuit
2143 1692 2177 1749 ἢ·
2204 1710 2277 1745 m.
2305 1706 2353 1759 2,
2379 1691 2678 1761 eademque
2716 1708 2923 1745 manus
2957 1693 3023 1746 in
3064 1693 3325 1764 margine
3365 1695 3595 1764 scripsit

1024 1778 1257 1851 aliquid
1271 1778 1672 1850 dtffia'llimum
1699 1776 1860 1843 lectu,
1883 1776 2039 1845 quod
2040 1777 2254 1846 ‚forsan
2278 1776 2331 1829 V
2359 1774 2507 1830 firias
2530 1776 2625 1829 sit.

888 1880 1006 1934 Fol.
1032 1878 1134 1933 201
1152 1878 1208 1932 b.
1270 1890 1349 1929 10.
1387 1890 1502 1928 nun
1538 1874 1606 1927 in
1644 1870 1919 1927 nuntiauit
1956 1875 2231 1941 superscr.
2265 1886 2409 1925 corr.
2436 1874 2597 1941 ηιμ,
2624 1887 2701 1925 nn
2725 1874 2890 1940 ηιμ,
2917 1887 2952 1925 ο
2976 1876 3251 1943 super-scr.
3276 1890 3419 1929 corr.
3446 1890 3519 1927 m.
3524 1876 3592 1943 p.

1034 1975 1117 2029 14.
1148 1972 1228 2030 15.
1265 1955 1615 2014 nntiantibus
1641 1995 1656 2009 .
1683 1994 1698 2009 .
1725 1994 1738 2009 .
1765 1955 2054 2011 uniursum
2081 1972 2154 2007 m.
2163 1957 2247 2024 p.‚
2275 1970 2311 2009 u
2330 1994 2343 2007 .
2372 1992 2385 2008 .
2414 1994 2426 2007 .
2452 1971 2485 2009 e
2510 1957 2783 2024 superscr.
2807 1970 2949 2009 corr.
2976 1972 3048 2009 m.
3053 1959 3119 2026 p.

888 2060 1008 2117 Fol.
1033 2058 1138 2114 202
1153 2058 1210 2112 b.
1245 2055 1324 2111 tia
1347 2056 1412 2110 in
1435 2052 1613 2123 gratia
1637 2052 1702 2105 in
1725 2067 1936 2105 rasura
1957 2052 2231 2121 smptum
2257 2054 2341 2103 est
2361 2067 2400 2102 a
2424 2066 2497 2103 m.
2502 2052 2569 2119 p.

1029 2140 1341 2197 utentibus:
1379 2138 1462 2191 sic
1507 2132 1692 2191 Codex
1737 2139 1805 2188 ut
1849 2133 1999 2187 milti
2043 2132 2313 2199 uidetur,·
2362 2132 2497 2187 huic
2541 2134 2813 2188 consentit
2858 2132 3343 2207 Dschendorfius;
3374 2139 3589 2205 contra,

1028 2225 1231 2294 Meyer
1251 2220 1528 2277 uientibus
1541 2222 1658 2289 pro
1682 2216 2016 2273 uiuentibus„
