4373 5048
580 372 873 441 1x.⁶-35.]
1855 350 2330 427 IOHANNE·
3505 381 3594 451 55

258 537 389 585 1¹01.
407 536 539 588 229.
578 546 665 595 set
684 568 699 583 ·
754 535 957 613 expuit
983 536 1046 594 in
1074 544 1224 593 terra
1328 534 1634 593 sabbatum
1665 564 1681 579 ·
1711 552 1871 611 quan
2133 544 2402 612 parentes
2429 536 2554 596 eius
2581 546 2640 594 et
2887 534 3094 595 oculos
3121 545 3253 595 tuos
3273 565 3289 584 ·
3353 534 3506 598 ”res
3614 556 3737 607 rol.
3760 552 3889 609 ιω,

574 640 634 689 ει
661 630 797 690 fecit
822 629 1010 689 lutum
1037 648 1109 689 ex
1140 646 1251 705 spu
1328 626 1408 686 do
1438 628 1621 686 lutum
1650 627 1862 688 fecerat
2131 628 2435 688 dixerunt·
2495 630 2714 689 seimus
2885 630 3095 706 pondit
3122 632 3207 690 eis
3236 631 3358 691 dixi
3384 650 3467 693 uo

576 734 641 784 to
662 756 678 771 ·
740 734 798 784 et
826 725 1169 801 superunxit
1328 721 1419 780 ihs
1446 731 1504 781 ει
1531 723 1755 799 aperuit
1784 740 1900 781 ocu
2130 722 2270 798 quia
2299 723 2394 782 hic
2421 733 2512 782 εει
2537 724 2692 782 filius
2886 724 2977 781 bis
3004 723 3123 783 iam
3147 735 3208 783 ει
3239 742 3364 785 non
3393 725 3560 787 audis

577 837 715 878 cum
744 819 867 878 luto
898 837 1073 895 super
1100 836 1141 877 o
1328 816 1417 873 los
1444 816 1565 874 eius
1585 846 1600 862 ·
1660 815 1705 849 ¹⁸
1722 816 1880 875 Iterii
2130 827 2330 876 noster
2409 826 2468 875 et
2496 819 2634 894 quia
2885 818 2958 875 tis
2983 848 2998 863 ·
3058 817 3201 895 quid
3229 819 3440 879 iterum

575 913 743 973 culos
769 914 894 971 eius
949 914 971 945 '⁸
988 923 1046 971 et
1077 912 1220 973 dixit
1327 908 1765 987 interrogabant
1792 916 1867 969 εὖ
2128 927 2342 969 caecus
2370 920 2541 969 natus
2569 919 2659 969 εει
2678 940 2694 957 ·
2884 910 3060 987 uultis
3087 912 3285 972 audire
3303 944 3320 961 ·

574 1007 629 1065 ei
686 1006 835 1065 uade
864 1006 999 1065 laua
1027 1006 1088 1065 in
1118 1023 1194 1065 na
1327 1001 1568 1062 sarisisei
1596 1021 1821 1081 quomo
2126 1000 2170 1035 ²²
2191 1003 2496 1081 quomodo
2524 1015 2720 1064 autem
2883 1006 3170 1083 numquid
3197 1016 3255 1065 et
3280 1025 3393 1066 uos
3419 1008 3524 1067 uul

572 1102 783 1160 tatorio
810 1100 988 1159 siluae
1327 1097 1407 1155 do
1435 1097 1630 1157 uidisti
1700 1098 1792 1156 ifle
1822 1115 1898 1157 au
2128 1115 2288 1157 nunc
2319 1098 2478 1157 uidet
2506 1098 2670 1158 nesci
2881 1099 2956 1158 tis
2984 1099 3253 1176 discipuli
3283 1102 3408 1161 eius
3436 1102 3478 1161 fi

572 1194 735 1270 quod
763 1194 1075 1271 interpreta
1326 1202 1445 1249 tem
1473 1190 1620 1249 dixit
1648 1202 1705 1250 et
1732 1189 1839 1250 illis
1860 1222 1874 1238 ·
2128 1209 2262 1249 mus
2341 1202 2442 1251 aut
2470 1192 2601 1269 quis
2631 1208 2744 1271 ape
2883 1191 2966 1252 eri
2989 1222 3005 1239 ·
3060 1190 3104 1226 ¹⁸
3122 1192 3420 1255 Maledixe

570 1297 664 1346 tur
692 1288 903 1345 missus
970 1298 1029 1346 et
1057 1287 1152 1345 abi
1325 1284 1509 1345 lutum
1539 1286 1734 1361 posuit
1760 1285 1905 1344 mihi
2127 1286 2242 1344 ruit
2269 1286 2476 1345 oculos
2503 1287 2632 1345 cius
2881 1296 3018 1345 runt
3043 1285 3207 1346 illum
3235 1288 3410 1349 dicen

571 1380 615 1439 it
682 1391 740 1439 et
766 1380 909 1440 lauit
976 1390 1034 1440 ει
1061 1382 1220 1439 uenit
1325 1396 1499 1456 super
1524 1379 1727 1438 oculos
1808 1389 1867 1438 et
2128 1396 2242 1437 nos
2269 1380 2563 1439 nescimus
2591 1410 2607 1427 ·
2672 1381 2734 1458 ip
2881 1390 2970 1439 tes
3051 1391 3115 1439 tu
3141 1400 3208 1440 es
3237 1382 3466 1460 discipu

572 1474 779 1533 uidens
804 1506 820 1521 ·
880 1474 901 1507 ⁸
920 1472 1116 1533 Uicini
1324 1472 1441 1530 laui
1468 1483 1527 1531 et
1552 1491 1692 1532 ecce
1720 1474 1894 1533 uideo
2128 1490 2192 1530 se
2219 1482 2468 1532 aetatem
2496 1473 2674 1533 habet
2880 1473 2970 1533 lus
2998 1474 3150 1535 illius
3233 1493 3346 1535 nos
3373 1482 3512 1536 auti}

570 1586 715 1645 ergo
743 1570 867 1628 eius
894 1568 1071 1627 uiden
1324 1564 1368 1599 ¹⁶
1384 1565 1677 1626 Dicebant
1694 1585 1839 1645 ergo
1854 1586 1930 1627 ex
1952 1567 2009 1629 sa
2124 1566 2320 1644 ipsum
2345 1566 2642 1643 interroga
2879 1568 3070 1644 moysi
3099 1586 3304 1629 sumus
3333 1570 3484 1629 disci

570 1672 657 1721 tes
684 1680 821 1721 eum
850 1662 1106 1739 primum
1322 1662 1485 1720 riseis
1513 1661 1754 1738 quidam
1777 1693 1791 1709 ·
2124 1669 2181 1718 te
2265 1660 2390 1738 ipse
2417 1678 2529 1738 pro
2557 1679 2620 1720 εε
2650 1660 2711 1721 lo
2879 1661 3002 1737 puli
3025 1692 3039 1707 ·
3082 1658 3126 1695 ²⁹
3145 1661 3270 1723 No·
3297 1663 3515 1724 scimus

571 1755 734 1834 quod
760 1755 1067 1815 mendicus
1324 1754 1445 1815 Hic
1467 1756 1649 1815 homo
1678 1774 1803 1815 non
1828 1766 1920 1815 est
1946 1775 1986 1816 a
2124 1764 2338 1831 quatur
2357 1784 2372 1800 ·
2429 1752 2474 1787 ¹²
2489 1754 2662 1815 Haec
2689 1752 2788 1815 dix
2878 1756 3018 1832 quia
3045 1758 3232 1833 moysi
3261 1757 3496 1818 locutus

569 1858 691 1909 erat
773 1850 1048 1909 dicebant
1071 1882 1085 1896 ·
1321 1848 1400 1909 do
1429 1850 1529 1926 qui
1560 1851 1865 1909 sabbatum
2121 1857 2295 1906 erunt
2322 1860 2594 1926 parentes
2878 1858 2969 1909 est
2997 1850 3067 1909 ds
3086 1881 3101 1896 ·
3162 1849 3346 1910 Hunc
3376 1856 3514 1911 aut&

569 1962 771 2005 nonne
799 1942 895 2003 hic
922 1954 1010 2002 est
1038 1942 1139 2020 qui
1320 1962 1445 2003 non
1475 1944 1750 2003 obseruat
1773 1976 1788 1991 ·
1852 1944 1947 2004 alii
2121 1942 2248 1999 eius
2308 1942 2446 2019 quia
2473 1943 2748 2002 timeb⁸nt
2877 1944 3174 2003 nescimus
3201 1943 3361 2004 unde
3389 1945 3465 2004 sit

570 2038 809 2098 sedebat
835 2048 893 2098 et
921 2056 1059 2096 men
1321 2038 1595 2097 dicebant
1622 2056 1841 2115 quomo
2122 2031 2366 2094 iudaeos
2389 2066 2404 2081 ·
2467 2034 2594 2094 Iam
2620 2042 2720 2096 eni
2875 2036 2923 2071 ⁸⁰
2941 2036 3276 2114 Respondit
3305 2038 3490 2099 homo
3521 2048 3584 2099 ει

568 2132 803 2191 dicabat
824 2162 840 2179 .
897 2131 1014 2190 Alii
1042 2132 1171 2193 dice
1320 2130 1400 2189 do
1429 2140 1619 2207 potest
1646 2132 1830 2192 homo
2123 2128 2411 2187 consiliati
2438 2138 2605 2188 erant
2629 2130 2690 2187 iu
2876 2131 3020 2190 dixit
3045 2131 3156 2192 illis
3177 2161 3192 2177 ·
3251 2133 3314 2191 in
3341 2131 3456 2193 hoc
3478 2133 3562 2191 mi

568 2226 709 2285 bant
736 2226 875 2304 quia
902 2223 997 2285 hic
1024 2236 1111 2285 est
1130 2258 1145 2273 ·
1319 2235 1593 2301 pecoetor
1620 2226 1755 2283 talia
2119 2220 2254 2281 daei
2321 2231 2385 2282 ut
2413 2223 2459 2280 si
2490 2224 2620 2299 quis
2645 2242 2784 2283 eum
2874 2225 3054 2284 rabile
3081 2234 3172 2285 est
3197 2226 3336 2303 quia
3359 2242 3472 2286 uos

568 2319 591 2353 ⁹
607 2320 726 2378 Alii
752 2330 945 2379 autem
973 2316 1243 2379 dicebant
1320 2319 1492 2395 signa
1518 2318 1708 2378 facere
1762 2317 1841 2377 Et
2119 2316 2490 2376 confiteretur
2517 2322 2663 2394 xpm
2875 2319 3218 2379 nesnescitis
3245 2319 3410 2379 unde

568 2453 705 2530 quia
733 2451 935 2511 similis
962 2460 1051 2511 est
1076 2451 1131 2510 ei
1155 2482 1170 2497 ·
1321 2448 1607 2509 dissensio
1634 2460 1756 2509 erat
1783 2450 1931 2509 inter
2118 2458 2283 2507 extra
2309 2464 2676 2528 synagogam
2705 2449 2779 2509 fic
2872 2450 2946 2511 sit
2964 2481 2980 2498 ·
3039 2461 3100 2511 et
3124 2452 3353 2529 aperuit
3381 2470 3500 2513 ocu

565 2545 673 2606 Ille
699 2555 895 2605 autem
924 2545 1150 2605 dicebat
1318 2563 1421 2604 eos
1444 2576 1459 2591 ·
1480 2575 1495 2591 ·
1539 2543 1584 2578 ¹⁷
1598 2544 1815 2604 Dicunt
1837 2546 1913 2603 illi
1932 2564 2001 2605 ce
2118 2553 2206 2602 ret
2262 2543 2306 2577 ’³
2325 2553 2635 2621 propterea
2661 2564 2740 2621 pa
2870 2544 2960 2605 los
2988 2564 3157 2606 meos
3176 2576 3192 2593 ·
3239 2545 3284 2580 ⁸¹
3302 2547 3536 2607 Scimus

566 2641 705 2717 quia
730 2658 845 2717 ego
873 2659 1005 2699 sum
1027 2671 1041 2687 ·
1083 2639 1130 2673 ¹⁰
1145 2639 1225 2698 Di
1318 2656 1392 2698 co
1419 2641 1626 2698 iterum
1682 2650 1745 2699 tu
1774 2640 1916 2716 quid
2118 2647 2310 2696 rentes
2336 2638 2462 2697 eius
2493 2637 2763 2698 dixerunt
2780 2669 2796 2686 ·
2870 2640 3026 2699 enim
3058 2641 3198 2717 quia
3225 2652 3478 2718 peccato

564 2735 776 2794 cebant
802 2752 943 2810 ergo
970 2735 1024 2793 ei
1052 2752 1171 2811 quo
1318 2733 1463 2792 dicis
1492 2733 1566 2791 de
1593 2750 1667 2791 eo
1751 2733 1849 2810 qui
1878 2751 1988 2809 ape
2118 2731 2258 2806 quia
2286 2739 2536 2789 aetatem
2565 2730 2740 2791 habet
2868 2751 2962 2793 res
2989 2733 3060 2792 ds
3087 2753 3213 2793 non
3240 2735 3480 2796 exaudit
3501 2765 3518 2783 ·

564 2828 749 2888 modo
775 2829 958 2905 aperti
988 2839 1122 2888 sunt
1316 2828 1430 2887 ruit
1458 2826 1665 2886 oculos
1692 2835 1827 2886 tuos
1850 2859 1863 2874 ·
2118 2823 2311 2899 ipsum
2339 2825 2686 2901 interrogate
2703 2856 2720 2872 ·
2871 2826 2992 2886 Sed
3023 2827 3072 2886 si
3098 2828 3227 2904 quis
3258 2828 3318 2887 di
3343 2829 3534 2890 cultor

563 2922 665 2980 tibi
694 2922 888 2980 oculi·
948 2917 992 2955 ¹¹
1014 2922 1135 2981 Res
1317 2923 1397 2980 At
1414 2922 1505 2980 ille
1529 2922 1672 2980 dixit
1722 2927 1865 2998 qfim
1886 2938 1995 2998 pro
2118 2917 2161 2950 ²⁴
2179 2915 2555 2976 Uocauerunt
2581 2935 2727 2995 ergo
2867 2931 2956 2980 est
3023 2932 3082 2981 ct
3109 2922 3476 2982 uoluntatem

564 3016 773 3092 pondit
800 3017 891 3075 ille
917 3025 977 3074 et
1003 3016 1148 3074 dixit
1166 3047 1179 3062 ·
1317 3014 1431 3074 seta
1458 3025 1547 3074 est
1603 3013 1647 3048 ¹⁸
1666 3033 1788 3074 non
1816 3032 1913 3074 cre
2117 3008 2420 3069 hominem
2447 3011 2656 3070 iterum
2868 3015 2992 3074 eius
3019 3013 3158 3074 facit
3185 3015 3342 3075 hunc
3372 3035 3450 3076 au

564 3108 771 3170 Homo
798 3111 900 3187 qui
929 3110 1136 3168 dicitur
1315 3108 1533 3169 debant
1559 3127 1703 3186 ergo
1732 3110 1885 3168 iudei
2117 3105 2217 3181 qui
2249 3104 2433 3164 fuerat
2461 3125 2636 3165 cecus
2662 3137 2676 3152 ·
2866 3107 2954 3168 dit
2975 3139 2990 3156 ·
3052 3106 3172 3168 ³²A
3199 3110 3436 3170 saeculo

563 3207 675 3280 xps
744 3204 929 3262 lutum
954 3202 1091 3262 fecit
1109 3234 1123 3249 ·
1315 3202 1389 3263 de
1418 3203 1520 3262 illo
1602 3203 1765 3280 quod
1794 3221 1967 3263 cecus
2114 3207 2172 3257 ει
2201 3199 2471 3258 dixerunt
2495 3201 2550 3258 ei
2572 3231 2587 3247 ·
2659 3201 2738 3260 da
2865 3219 3192 3280 numquam
3219 3203 3422 3264 auditu

562 3308 620 3356 et
653 3297 987 3374 supemnxit
1020 3297 1101 3355 mi
1313 3307 1437 3357 erat
1463 3308 1522 3356 ει
1548 3298 1695 3356 uidit
1718 3328 1732 3343 ·
1763 3296 1951 3357 donec
2116 3292 2404 3353 honorem
2431 3293 2511 3352 df>
2533 3325 2550 3342 ·
2609 3311 2721 3353 nos
2865 3306 2957 3355 est
3024 3297 3124 3373 qui
3151 3299 3376 3374 aperuit

562 3389 622 3449 hi
651 3391 859 3451 oculos
882 3423 896 3438 -
955 3388 1035 3448 Et
1061 3389 1207 3450 dixit
1314 3400 1675 3450 uocauemnt
1701 3409 1883 3467 paren
2115 3388 2330 3447 scimus
2358 3393 2502 3465 qum
2529 3388 2624 3448 hic
2653 3389 2735 3449 ho
2866 3390 2998 3466 quis
3025 3391 3230 3451 oculos
3253 3392 3420 3452 caeci

564 3483 705 3544 mihi
773 3485 923 3543 uade
952 3485 1014 3542 in
1043 3493 1181 3542 nata
1312 3493 1399 3544 tes
1426 3486 1551 3543 eius
1611 3483 1655 3516 ¹⁹
1670 3493 1729 3542 et
1756 3485 1970 3544 interro
2115 3497 2217 3540 mo
2244 3492 2516 3558 peccator
2541 3493 2630 3542 est
2648 3515 2662 3529 ·
2866 3484 2986 3543 nati
3011 3514 3026 3531 ·
3085 3483 3132 3517 ⁸³
3148 3485 3262 3544 nisi
3288 3494 3447 3545 esset

563 3579 713 3638 torio
742 3577 950 3636 siloam
976 3586 1034 3636 et
1060 3576 1118 3636 la
1310 3588 1598 3655 gauerunt
1624 3596 1730 3637 eos
1758 3577 1817 3637 di
2115 3572 2334 3634 “Dixit
2348 3593 2492 3653 ergo
2513 3575 2610 3635 ille
2631 3577 2680 3635 si
2702 3596 2812 3655 pec
2864 3576 2959 3636 hic
2991 3595 3028 3636 a
3054 3578 3134 3637 do
3163 3596 3288 3638 non
3316 3589 3550 3656 poterat

561 3689 639 3730 ua
660 3703 677 3719 ·
734 3683 793 3730 et
821 3672 937 3731 abii
963 3682 1022 3730 et
1048 3671 1164 3729 laui
1310 3681 1506 3731 centes
1535 3671 1630 3731 hic
1659 3681 1747 3730 est
1776 3670 1855 3730 fili
2114 3680 2280 3728 cator
2305 3680 2392 3728 est
2453 3671 2654 3729 nescio
2674 3700 2690 3717 ·
2862 3669 3057 3731 facere
3085 3673 3404 3750 quicquam
3425 3704 3441 3721 ·

562 3775 620 3824 ει
646 3765 803 3824 uidi·
864 3763 907 3797 ¹²
924 3765 1213 3824 Dixerunt
1309 3783 1379 3824 us
1406 3775 1595 3824 uester
1675 3783 1851 3842 quem
2112 3781 2296 3821 unum
2325 3765 2450 3823 scio
2478 3765 2614 3841 quia
2641 3783 2748 3826 cae
2863 3763 2908 3797 ⁸⁴
2927 3763 3388 3843 Responderunt
3413 3778 3475 3828 et

560 3877 701 3934 ergo
730 3859 805 3917 ini
834 3859 937 3916 ubi
963 3868 1051 3917 est
1078 3858 1171 3916 ille
1194 3889 1210 3906 ·
1310 3877 1417 3918 uos
1446 3859 1632 3918 dicitis
1660 3861 1797 3936 quia
1824 3877 1927 3919 cae
2113 3874 2220 3916 cus
2247 3876 2406 3918 eram
2433 3867 2491 3917 et
2517 3859 2698 3918 modo
2863 3857 3135 3919 dixerunt
3161 3861 3216 3918 ei
3284 3861 3346 3919 in
3374 3879 3486 3938 pec

561 3952 699 4011 dicit
726 3953 925 4011 nescio
956 3983 971 3998 ·
1028 3950 1074 3985 ¹⁸
1093 3951 1171 4011 ad
1310 3971 1414 4012 cus
1442 3963 1613 4011 natus
1640 3963 1728 4011 est
1750 3983 1765 3998 ·
1821 3951 1901 4012 Et
2111 3952 2288 4011 uideo
2318 3983 2332 3998 ·
2383 3949 2734 4012 '‘Dixerunt
2864 3963 3000 4013 cato
3034 3943 3208 4014 natus
3235 3973 3298 4014 es
3327 3965 3487 4015 totus

560 4045 781 4105 ducunt
805 4063 941 4104 eum
970 4045 1043 4104 ad
1074 4045 1131 4106 fa
1308 4046 1611 4122 quomodo
1640 4065 1796 4106 nunc
1826 4047 1885 4104 ui
2109 4064 2254 4122 ergo
2281 4046 2362 4104 illi
2389 4047 2593 4106 iterum
2617 4078 2632 4094 ·
2863 4057 2924 4106 et
2950 4056 3013 4106 tu
3041 4048 3224 4107 doces
3251 4065 3363 4108 nos
3385 4079 3402 4096 ·
3461 4047 3540 4110 Et

557 4139 740 4198 riseos
770 4139 870 4219 qui
898 4138 1083 4198 suerat
1308 4139 1405 4199 det
1423 4171 1437 4186 ·
1498 4137 1543 4172 '⁰
1562 4140 1879 4217 Responde
2109 4139 2253 4217 quid
2281 4139 2416 4199 fecit
2441 4141 2546 4199 tibi
2572 4157 2695 4220 quo
2861 4142 3154 4202 eiecerunt
3181 4160 3318 4201 eum
3345 4142 3411 4202 so

559 4251 731 4294 cecus
753 4265 769 4280 ·
812 4232 857 4268 ¹⁴
874 4233 1019 4294 Erat
1043 4243 1240 4295 autem
1310 4243 1445 4294 runt
1470 4252 1615 4312 ergo
1646 4235 1755 4294 illis
1780 4267 1794 4282 ·
2110 4235 2296 4294 modo
2321 4234 2546 4311 aperuit
2862 4253 2957 4296 ras
2980 4267 2995 4286 ·
3036 4236 3081 4270 ³⁶
3096 4237 3338 4296 Audiuit
3365 4235 3456 4297 ihs
