4373 5048
770 354 890 403 102
2135 342 2375 406 SECD
2396 374 2411 389 ·
3172 355 3389 421 [xv111.
3418 360 3777 423 31-XIX.23·

455 516 716 568 101141.
757 514 1014 575 hominis
1037 547 1052 562 ·
1094 513 1140 549 ⁸⁸
1155 515 1318 575 trade
1513 513 1558 551 ¹²
1573 515 1650 576 Et
1668 516 1757 576 ihs
1779 513 1922 577 dixit
1942 518 2022 578 illi
2038 520 2193 596 respi
2320 518 2620 579 Zaccheus
2648 520 2792 580 dixit
3074 519 3205 580 ιιἘῐ
3224 522 3443 583 sactum
3460 534 3547 583 est
3568 524 3633 585 ut
3648 524 3775 585 redi
3799 537 3931 589 rol.
3950 540 4083 591 1⁴2.

759 617 853 668 tur
873 610 1036 669 enim
1064 610 1293 687 gentibs
1512 630 1582 671 ce
1643 612 1788 671 fides
1817 623 1917 672 tua
1943 622 1998 673 te
2030 613 2114 673 sal
2317 614 2391 673 ad
2421 614 2565 673 dr‘un
2584 644 2599 661 ·
2650 632 2789 675 ecce
2820 614 2880 675 di
3071 615 3279 675 rediret
3308 626 3555 694 accepto

757 714 815 764 et
845 704 1131 764 inludetur
1161 714 1220 765 et
1512 716 1642 763 uum
1661 705 1796 765 fecit
1857 706 1976 767 “et
1993 708 2196 767 confes
2315 708 2559 767 midium
2589 709 2815 769 bonorfi
3068 726 3254 786 regno
3276 742 3291 757 ·
3320 740 3333 755 ·
3394 722 3454 769 et
3482 712 3646 773 iussit
3670 730 3752 773 uo

757 798 1059 875 inspuetur
1119 798 1238 859 ”et
1266 800 1344 861 fla
1510 800 1616 858 tim
1642 800 1787 859 uidit
1809 832 1824 847 ·
1883 811 1941 861 et
1969 814 2098 881 seq⁵
2316 818 2583 861 meorum
2610 802 2725 861 dx'ie
2755 802 2834 863 do
3067 804 3185 862 cari
3214 821 3415 865 seruos
3444 805 3655 883 quibus

757 892 1037 969 gellatum
1063 894 1196 954 occi
1511 895 1680 953 batur
1707 894 1866 953 illum
1929 914 2068 974 mag
2313 896 2665 973 pauperibus
2688 927 2703 944 ·
2762 908 2822 957 et
3067 896 3225 957 dedit
3251 900 3563 975 pecuniam
3587 909 3653 959 ut

755 986 895 1045 dent
921 988 1082 1047 illum
1135 999 1196 1048 et
1221 999 1308 1049 ter
1511 988 1756 1047 nificans
1785 989 1888 1047 ἀῶ
1949 1000 2008 1049 et
2316 989 2365 1047 si
2394 989 2534 1067 quid
2562 990 2733 1050 alicui
2762 990 2887 1050 frau
3067 991 3239 1050 sciret
3265 1004 3549 1069 quantum

754 1080 834 1140 tia
861 1081 954 1141 die
981 1095 1242 1160 resurget
1260 1113 1275 1130 ·
1510 1084 1704 1141 omnis
1732 1084 1898 1161 plebs
1927 1094 1990 1144 ut
2015 1086 2076 1144 ui
2316 1080 2389 1141 de
2418 1083 2629 1143 abstuli
2684 1083 2866 1145 reddo
3066 1085 3311 1163 quisque
3340 1088 3574 1147 necotia
3758 1152 3767 1162 ‚

753 1173 799 1207 ⁸⁴
815 1175 893 1235 Et
920 1176 1031 1253 ipsi
1059 1176 1199 1235 nihil
1225 1176 1376 1236 horu
1511 1174 1594 1233 dit
1620 1176 1778 1237 dedit
1803 1178 2032 1237 laudem
2314 1176 2703 1255 quadruplum
2720 1210 2734 1227 ·
3066 1188 3157 1238 tus
3186 1188 3375 1241 esset·
3418 1180 3461 1213 ²⁸
3478 1180 3659 1241 Uenit

751 1268 1154 1329 intellexerunt
1177 1301 1192 1318 ·
1293 1284 1492 1351 [lec]tio
1514 1269 1591 1328 df>
1653 1274 1799 1333 ΗΒ.
1822 1272 1842 1305 ¹
1861 1283 1918 1331 et
1947 1274 2140 1350 ingres
2314 1269 2336 1302 ⁹
2355 1270 2453 1328 Ait
2480 1282 2678 1331 autem
2706 1273 2796 1331 ihs
2824 1272 2901 1333 ad
2928 1273 2967 1332 il
3064 1283 3259 1335 autem
3285 1274 3503 1351 primus
3560 1275 3622 1334 di

750 1364 856 1425 sed
883 1374 1004 1423 erat
1031 1365 1276 1426 uerbum
1317 1365 1480 1416 zacch
1512 1380 1610 1423 sus
1637 1365 2070 1442 perambulabsst
2314 1362 2435 1423 lum
2463 1366 2623 1443 quod
2650 1367 2825 1427 hodie
3062 1385 3203 1427 cens
3233 1368 3348 1428 dfie
3376 1386 3516 1429 mna
3545 1379 3645 1429 tua

751 1459 1164 1519 absconditum
1193 1461 1270 1520 ab
1509 1456 1769 1519 hiericho
1810 1461 1834 1495 ²
1856 1471 1914 1520 et
1941 1480 2081 1521 ecce
2314 1458 2470 1519 salus
2498 1457 2701 1519 domui
2728 1460 2862 1521 huic
3062 1461 3271 1521 decem
3298 1480 3469 1523 mnas
3496 1462 3671 1543 adqui

752 1555 837 1613 eis
859 1585 875 1600 ·
921 1562 978 1614 et
1005 1572 1130 1613 non
1157 1555 1298 1613 intel
1505 1552 1595 1609 uir
1623 1554 1863 1613 nomine
1891 1572 2030 1615 zace
2314 1551 2465 1611 facta
2492 1564 2581 1613 est
2602 1585 2618 1601 ·
2676 1572 2750 1613 eo
2780 1556 2942 1634 quod
3063 1556 3195 1613 siuit
3214 1587 3228 1601 ·
3272 1555 3317 1589 ¹⁷
3332 1557 3412 1615 Et
3438 1558 3517 1616 ait
3544 1557 3621 1616 illi
3650 1577 3725 1617 eu

753 1647 1020 1708 lexerunt
1047 1647 1211 1725 quod
1239 1649 1297 1707 di
1506 1664 1575 1704 us
1643 1656 1701 1705 et
1727 1646 1824 1707 hic
1853 1658 1976 1708 erat
1993 1680 2008 1695 ·
2079 1648 2207 1728 prffn
2312 1646 2440 1723 ipse
2467 1648 2540 1707 sit
2566 1648 2717 1709 filius
2746 1652 2889 1709 abra
3060 1668 3135 1726 ge
3163 1650 3319 1709 bone
3350 1668 3513 1711 serue
3540 1653 3681 1729 quia

753 1741 995 1803 cebatur
1013 1772 1026 1789 ·
1072 1742 1156 1803 †⁸⁶
1173 1742 1248 1801 Et
1278 1742 1368 1803 fac
1504 1758 1646 1816 ceps
1673 1742 1986 1819 puplicano
2310 1740 2382 1799 he
2406 1772 2421 1788 ·
2442 1772 2457 1789 ·
2502 1739 2547 1774 ¹⁰
2562 1742 2741 1803 Uenit
2769 1746 2929 1805 enim
3060 1744 3121 1803 in
3150 1744 3384 1804 modico
3413 1745 3597 1805 fidelis

749 1845 876 1895 tum
904 1845 991 1895 est
1023 1855 1160 1895 cum
1189 1836 1263 1895 ad
1502 1852 1632 1893 rum
1664 1845 1720 1894 et
1749 1837 1866 1913 ip=e
1895 1837 2058 1899 diues
2077 1870 2092 1885 ·
2308 1835 2459 1895 filius
2489 1835 2743 1897 hominis
3059 1835 3215 1896 fuisti
3244 1868 3259 1884 ·
3327 1838 3460 1899 Eris
3487 1851 3657 1915 potes

749 1929 1170 2009 propinquaret
1195 1931 1258 1989 hi
1504 1927 1526 1960 ⁸
1543 1928 1620 1986 Et
1648 1933 1928 2007 querebat
1958 1932 2154 1995 uidere
2308 1948 2585 2009 quaerere
2612 1943 2670 1991 et
2700 1933 2863 1993 saluii
3057 1940 3235 1990 tatem
3261 1931 3486 1992 habens
3513 1951 3692 2010 supra

749 2022 950 2082 ericho
1023 2040 1236 2083 caecus
1504 2021 1626 2080 ihm
1654 2024 1782 2100 quis
1809 2036 1964 2085 esset
2024 2037 2082 2087 et
2306 2023 2496 2083 facere
2523 2026 2684 2103 quod
2710 2027 2835 2103 peri
3056 2024 3263 2085 decem
3290 2026 3552 2086 ciuitates

751 2117 990 2194 quidam
1020 2118 1262 2177 sedebat
1503 2134 1626 2175 non
1653 2127 1880 2194 poterat
1906 2138 2011 2197 pre
2306 2128 2427 2177 erat
2450 2150 2464 2165 ·
2510 2118 2553 2153 ¹¹
2572 2119 2718 2181 haec
2749 2121 2859 2181 illis
2886 2138 2961 2181 au
3055 2116 3097 2153 ¹⁸
3115 2119 3192 2179 Et
3212 2119 3355 2179 alter
3375 2122 3535 2181 uenit
3555 2120 3756 2181 dicens

748 2229 918 2271 secus
947 2212 1104 2271 uiam
1131 2230 1268 2271 men
1501 2212 1669 2270 turba
1727 2213 1868 2288 quia
1895 2224 2052 2273 stura
2304 2212 2593 2273 clientibus
2615 2245 2630 2260 ·
2689 2216 2947 2275 adiciens
3055 2212 3169 2272 dfie
3198 2232 3339 2273 mna
3366 2224 3467 2275 tua
3493 2215 3548 2275 fe

749 2305 912 2365 dicus
931 2338 946 2353 ·
989 2306 1034 2339 ⁸⁶
1050 2306 1128 2364 Et
1156 2323 1292 2365 cum
1319 2325 1393 2366 au
1501 2304 1744 2381 pusillus
1773 2316 1897 2366 erat
1958 2307 1980 2339 ⁴
1999 2308 2078 2366 Et
2302 2304 2467 2365 Dixit
2494 2306 2859 2369 similitudine
3054 2308 3132 2366 cit
3163 2308 3421 2386 quinque
3448 2328 3617 2369 mnas
3638 2340 3655 2356 ·

749 2399 929 2459 disset
959 2400 1190 2459 turbam
1501 2416 1740 2459 currens
1768 2400 2030 2461 ascendit
2303 2418 2376 2460 eo
2405 2401 2567 2479 quod
2595 2413 2747 2462 esset
2775 2422 2882 2481 pro
3052 2400 3096 2435 ¹⁹
3113 2400 3214 2461 Ait
3241 2413 3436 2462 autem
3464 2416 3521 2462 et
3548 2404 3686 2463 huic

747 2541 1177 2609 pretereuntem
1501 2530 1561 2590 in
1590 2532 1860 2592 arborem
1893 2551 2034 2611 syco
2300 2551 2376 2610 pe
2404 2533 2749 2595 hierusalem
2769 2566 2783 2582 ·
3052 2544 3110 2594 et
3139 2543 3200 2593 tu
3228 2545 3357 2594 esto
3386 2553 3563 2613 supra

747 2627 1138 2704 interrogabat
1171 2627 1312 2706 quid
1501 2642 1733 2684 morum
1762 2635 1826 2686 ut
1854 2627 1987 2686 uide
2296 2635 2355 2686 et
2383 2628 2521 2704 quia
2548 2630 2893 2690 extimarem
3046 2629 3305 2707 quinque
3333 2631 3594 2690 ciuitates
3614 2661 3627 2678 ·
3650 2661 3665 2678 ·

746 2719 864 2780 hoc
891 2733 1044 2782 esset
1062 2752 1076 2769 ·
1119 2721 1166 2756 ⁸⁷
1183 2721 1388 2782 nuntia
1499 2729 1588 2778 ret
1614 2719 1776 2780 illum
1803 2723 1942 2799 quia
1969 2721 2008 2780 il
2296 2721 2457 2798 quod
2484 2722 2793 2783 confestim
3046 2720 3092 2755 ’⁰
3112 2721 3189 2781 Et
3203 2723 3351 2794 alter
3368 2725 3528 2784 uenit
3548 2725 3751 2786 dicens
4354 2775 4356 2810 4

746 2825 954 2874 uerunt
982 2825 1178 2875 autem
1207 2815 1286 2874 illi
1499 2813 1556 2870 la
1583 2823 1745 2890 parte
1772 2825 1894 2873 erat
1921 2827 2050 2875 tran
2296 2833 2545 2890 regnum
2570 2816 2631 2874 di
2655 2817 2901 2878 manifes
3048 2815 3161 2875 dfie
3189 2835 3330 2877 ecce
3358 2835 3497 2877 mna
3524 2828 3625 2878 tua

746 2909 908 2986 quod
938 2908 1028 2968 ihs
1055 2927 1338 2969 nazoreus
1501 2906 1712 2966 siturus
1735 2937 1750 2954 ·
1793 2907 1910 2968 “Et
1939 2908 2027 2969 fac
2296 2918 2511 2968 taretur
2530 2941 2543 2957 ·
2568 2943 2583 2957 ·
2604 2941 2619 2958 ·
2662 2909 2708 2945 ²²
2724 2911 2888 2972 Dixit
2914 2932 2978 2973 er
3046 2927 3223 2988 quam
3252 2911 3433 2970 habui
3460 2929 3605 2990 repo

745 3004 949 3062 transit
972 3034 985 3049 ·
1028 3003 1072 3036 ⁸⁸
1088 3004 1166 3063 Et
1198 3003 1387 3062 clama
1499 3011 1627 3060 tum
1655 3012 1743 3060 est
1771 3002 1910 3061 dum
1941 3013 2066 3062 tran
2296 3022 2375 3080 go
2400 3035 2414 3050 ·
2474 3005 2655 3066 homo
2684 3007 2923 3084 quidam
3047 3005 3216 3062 sitam
3248 3005 3309 3063 in
3332 3005 3563 3066 sudario
3581 3036 3595 3052 ·

743 3096 828 3155 uit
855 3096 1056 3156 dicens
1079 3129 1094 3144 ·
1158 3096 1258 3157 ihu
1288 3097 1366 3156 fili
1500 3095 1575 3154 sit
1602 3095 1690 3155 ihs
1753 3097 2072 3174 respiciens
2297 3109 2419 3158 erat
2448 3099 2611 3158 diues
2671 3102 2722 3160 is
2748 3101 2887 3161 abiit
3044 3093 3087 3130 ²¹
3104 3099 3241 3176 quia
3268 3101 3434 3158 timui
3458 3109 3515 3159 te
3543 3101 3697 3179 qu⁰d

745 3189 921 3249 dauid
947 3191 1219 3250 miserere
1249 3191 1364 3250 mei
1388 3221 1403 3238 ·
1499 3189 1644 3248 uidit
1673 3188 1834 3250 illum
1896 3203 1954 3251 et
1981 3192 2080 3252 dix
2294 3191 2355 3250 in
2382 3193 2686 3269 regionem
2714 3195 2921 3273 longin
3044 3191 3227 3252 homo
3254 3195 3498 3254 austeris
3527 3211 3593 3254 es

745 3283 790 3317 ⁸⁹
806 3294 865 3343 et
894 3283 994 3362 qui
1021 3285 1288 3360 preibant
1316 3285 1377 3343 in
1499 3282 1542 3340 it
1572 3284 1648 3341 ad
1675 3302 1812 3343 eum
1841 3286 2126 3346 zaccheae
2294 3303 2474 3363 quam
2501 3288 2765 3364 accipere
2792 3307 2897 3366 reg
3044 3286 3209 3346 tolles
3236 3287 3401 3364 quod
3432 3307 3555 3348 non

744 3379 1062 3454 crepabant
1089 3395 1224 3436 eum
1252 3386 1317 3436 ut
1499 3374 1706 3436 festina
1732 3378 2025 3439 descende
2047 3411 2064 3427 ·
2293 3398 2438 3438 num
2466 3391 2525 3440 et
2552 3382 2763 3441 reuerti
2785 3413 2800 3430 ·
2828 3413 2872 3428 -
3044 3381 3289 3456 posuisti
3310 3412 3326 3428 ·
3390 3381 3469 3440 Et
3494 3399 3591 3442 me

743 3480 958 3530 taceret
977 3501 992 3518 ·
1055 3471 1182 3548 ipse
1211 3489 1354 3531 uero
1495 3471 1634 3546 quia
1659 3469 1834 3530 hodie
1861 3472 1924 3530 in
1951 3473 2132 3533 domo
2292 3471 2336 3505 ¹⁸
2356 3482 2415 3532 et
2442 3476 2676 3534 uocauit
2703 3475 2911 3536 decem
3042 3483 3128 3532 tes
3156 3474 3316 3552 quod
3344 3493 3469 3535 non
3498 3494 3559 3535 se

744 3565 928 3624 multo
956 3565 1144 3642 magis
1171 3565 1362 3625 clama
1495 3572 1596 3622 tua
1624 3573 1855 3642 oportet
1883 3585 1979 3626 me
2007 3586 2106 3627 ma
2291 3585 2494 3627 seruos
2522 3587 2662 3628 suos
2685 3601 2699 3616 ·
2760 3581 2817 3630 et
2844 3569 2918 3630 de
3041 3568 3273 3626 minati·
3298 3601 3310 3614 ·
3334 3601 3348 3614 ·
3390 3567 3615 3628 ”Dixit

742 3661 843 3719 bat
866 3690 881 3707 ·
945 3659 1024 3718 fili
1053 3659 1229 3719 dauid
1255 3661 1402 3721 mise
1496 3676 1634 3718 nere
1694 3658 1790 3719 ‘et
1817 3659 2096 3721 festinans
2291 3661 2374 3720 dit
2395 3661 2502 3722 inis
2530 3662 2735 3722 decem
2763 3681 2932 3724 mnas
2952 3695 2967 3712 ·
3040 3672 3235 3722 autem
3262 3662 3341 3721 illi
3401 3663 3473 3722 de
3502 3681 3603 3724 ore
3700 3656 3709 3665 ⁴

741 3771 866 3813 rere
894 3753 1037 3812 mihi
1059 3784 1074 3801 ·
1091 3745 1098 3751 ’
1118 3752 1164 3786 ⁴⁰
1182 3754 1352 3814 Stans
1493 3751 1796 3814 descendit
1854 3765 1912 3815 et
1937 3775 2082 3817 exce
2290 3765 2349 3814 et
2366 3756 2443 3814 ait
2464 3755 2541 3814 ad
2561 3757 2689 3816 illos
2754 3758 2991 3836 negotia
3040 3766 3142 3816 tuo
3170 3767 3227 3815 te
3256 3757 3451 3818 iudico
3472 3789 3487 3804 ·
3549 3776 3591 3818 o
3614 3790 3629 3805 ·

741 3856 936 3908 autem
964 3847 1054 3907 ihs
1079 3848 1242 3908 iussit
1493 3847 1577 3924 pit
1603 3847 1763 3907 illum
1790 3850 2053 3926 gaudens
2075 3882 2090 3899 ·
2291 3850 2437 3908 mini
2464 3850 2607 3910 dum
2634 3852 2909 3912 uenio-
3038 3849 3287 3909 infidelis
3316 3869 3483 3910 serue

742 3941 904 4001 illum
925 3942 1136 4001 adduci
1157 3942 1232 4003 ad
1258 3961 1322 4003 se
1341 3975 1356 3990 ·
1383 3975 1396 3990 ·
1423 3975 1438 3992 ·
1491 3941 1608 4000 ''Et
1636 3961 1773 4003 cum
1800 3945 2062 4005 uiderent
2089 3963 2193 4005 om
2290 3942 2335 3976 ¹⁴
2354 3943 2527 4004 Ciues
2550 3954 2743 4004 autem
2765 3948 2854 4005 sui
2874 3947 2990 4007 ode
3039 3953 3098 4003 et
3125 3946 3293 4021 piger
3310 3976 3325 3993 ·
3388 3945 3631 4006 Sciebas

741 4045 800 4094 et
827 4054 964 4096 cum
992 4037 1394 4114 adpropiasset
1492 4053 1598 4094 nes
1625 4027 1995 4100 murmuraue
2290 4048 2421 4096 rant
2447 4039 2609 4097 illum
2628 4071 2643 4086 ·
2684 4050 2744 4099 et
2770 4041 2913 4102 mise
3039 4038 3201 4116 quod
3228 4057 3342 4115 ego
3372 4039 3555 4100 homo

741 4130 1118 4208 interrogauit
1145 4131 1244 4190 illu
1492 4141 1625 4188 runt
1649 4129 1906 4192 dicentes
1929 4165 1943 4180 ·
2289 4141 2423 4191 runt
2454 4132 2807 4210 legationem
3038 4135 3276 4192 austeris
3304 4151 3436 4193 sum
3454 4164 3470 4180 ·
3534 4135 3615 4196 tol

739 4223 783 4258 ⁴¹
800 4223 1003 4284 dicens
1030 4259 1044 4264 -
1062 4223 1206 4302 quid
1225 4224 1327 4284 tibi
1351 4225 1440 4285 uis
1492 4224 1631 4300 quia
1657 4226 1734 4284 ad
1759 4224 2062 4286 hominem
2290 4237 2427 4304 post
2454 4228 2615 4288 illum
2644 4229 2815 4290 dicen
3038 4225 3096 4287 lo
3124 4227 3285 4306 quod
3312 4246 3435 4287 non
3461 4229 3635 4306 posui
3656 4259 3674 4278 ·

738 4317 950 4378 faciam
969 4349 984 4366 ·
1047 4327 1108 4377 at
1134 4317 1228 4379 ille
1257 4318 1399 4379 dixit
1491 4327 1862 4394 peccatorem
1889 4319 2068 4380 deuer
2288 4330 2375 4380 tes
2438 4323 2707 4382 nolumus
2735 4323 2891 4384 hunc
3038 4330 3097 4380 et
3122 4331 3280 4382 meto
3309 4322 3469 4401 quod
3498 4342 3620 4383 non

736 4423 800 4472 ut
826 4413 1060 4474 uideam
1087 4414 1201 4473 diie
1225 4445 1239 4461 ·
1489 4412 1557 4472 tit
1579 4443 1593 4460 ·
1635 4413 1658 4446 ⁸
1678 4412 1850 4473 Stans
1876 4420 2010 4475 aute
2287 4434 2529 4501 regnare
2557 4435 2730 4495 super
2757 4437 2866 4479 nos
3040 4416 3323 4477 seminani
3342 4448 3356 4465 ·
3401 4413 3443 4450 ²³
3464 4417 3543 4476 Et
3569 4435 3689 4495 qua
