4373 5048
255 520 381 570 1'01.
399 520 532 569 200.

577 355 671 405 ιιι.
700 352 893 417 17-1v.
922 348 1029 414 ια]

579 513 689 571 dus
717 530 824 589 per
850 512 1049 588 ipsum
1073 540 1089 555 ·

576 604 621 639 ²⁸
638 606 741 681 qui
768 605 954 663 credit
983 605 1044 661 in
1074 620 1211 661 eum

577 716 700 757 non
729 696 1071 756 iudicabitur
1089 726 1104 742 ·

578 792 677 868 qui
702 777 862 853 {tem
890 807 1016 848 non
1045 807 1141 848 cre

580 884 663 943 dit
690 884 807 943 iam
835 882 1125 941 iudicatus

579 986 669 1035 est
688 1007 703 1023 ·
762 980 905 1055 qfim
933 994 1057 1035 non
1084 993 1182 1035 cre

580 1071 665 1130 dit
692 1071 754 1128 in
783 1070 1024 1127 nomine
1053 1068 1155 1127 uni

578 1164 758 1241 geniti
788 1162 883 1221 filii
916 1162 976 1221 di
993 1193 1007 1208 ·
1036 1193 1049 1207 ·

578 1256 624 1290 ³⁹
642 1256 783 1315 Hoc
799 1238 901 1314 'est
917 1266 1115 1315 autem
1145 1254 1265 1315 iudi

580 1350 736 1409 cium
756 1380 770 1396 ·
828 1354 971 1425 qum
997 1348 1097 1407 lux

577 1444 738 1502 uenit
764 1442 826 1501 in
857 1442 1014 1501 hunc
1042 1460 1187 1501 mun

580 1536 720 1595 dum
746 1567 761 1583 ·
819 1545 877 1595 et
907 1536 1091 1595 dilexe

580 1640 713 1689 runt
742 1630 1011 1689 homines
1037 1646 1119 1707 po

581 1723 693 1782 tius
720 1724 987 1782 tenebras

580 1834 760 1894 quam
790 1817 988 1877 lumen
1012 1848 1027 1863 ·
1084 1815 1141 1875 E

580 1918 711 1970 rant
738 1911 893 1970 enim
926 1928 1105 1989 opera

582 2022 785 2063 eorum
812 2004 970 2064 mala
986 2036 1001 2051 ·
1059 2002 1107 2039 ²⁰
1122 2021 1225 2063 om

581 2098 672 2156 nis
699 2098 857 2156 enim
885 2098 986 2175 qui
1014 2097 1170 2156 mala

580 2192 701 2267 agit
729 2192 854 2249 odit
882 2190 1081 2249 lumen

579 2295 638 2343 et
664 2301 785 2343 non
813 2286 974 2343 uenit
1000 2286 1076 2343 ad
1104 2285 1163 2343 lu

582 2388 799 2439 secondo.
854 2390 1125 2441 dome-ece
1186 2390 1284 2440 lec-

582 2466 771 2515 tionem
815 2482 913 2533 que
960 2466 1142 2518 debeat
1186 2467 1286 2533 legi

583 2577 713 2618 cem
738 2590 753 2606 ·
813 2578 887 2618 ne
916 2559 1164 2619 manifes

581 2661 773 2711 tentur
802 2671 983 2729 opera
1009 2653 1133 2712 eius
1156 2684 1171 2700 ·

582 2743 627 2780 ¹¹
645 2745 747 2823 qui
774 2756 971 2804 autem
1000 2746 1137 2806 facit
1164 2764 1238 2806 ue

584 2838 813 2898 ritatem
895 2839 1055 2898 uenit

585 2932 661 2991 ad
688 2933 885 2992 lumen
964 2942 1029 2993 ut
1055 2951 1155 2994 ma

584 3025 921 3086 nifestentur
948 3046 1062 3104 ope

584 3138 649 3178 ra
673 3121 801 3179 eius
828 3126 973 3196 qflm
1000 3122 1063 3180 in
1090 3119 1170 3180 <16

584 3222 717 3271 sunt
743 3213 997 3291 perfecta
1016 3246 1031 3261 ·
1053 3239 1137 3268 a·

522 3313 556 3352 *
582 3303 785 3366 ”Post
810 3305 920 3367 hec
947 3309 1108 3367 uenit
1133 3307 1225 3367 ihs

524 3407 558 3446 *
582 3409 642 3458 et
668 3401 933 3477 discipuli
958 3403 1082 3461 eius

521 3499 557 3538 *
582 3495 644 3552 in
672 3494 904 3554 iudeam
931 3503 1133 3554 terra·-

579 3597 638 3648 et
662 3589 743 3646 ibi
770 3597 1029 3647 moratur
1055 3597 1179 3649 cu·-

586 3683 671 3741 eis
696 3691 755 3740 et
781 3683 1113 3758 baptizabat
1134 3713 1151 3729 ·

580 3772 623 3810 ¹⁸
639 3784 761 3834 erat
788 3785 980 3834 autem
1007 3776 1187 3835 iohan

582 3887 685 3928 nes
712 3869 1015 3946 baptizans
1041 3869 1103 3927 in

510 4019 525 4026 -
582 3979 776 4023 aenon
803 3963 965 4022 iuxta
993 3963 1167 4023 salim

579 4062 725 4134 qum
752 4073 935 4133 aquae
963 4057 1179 4116 multae

579 4159 745 4208 erant
772 4149 888 4210 illic
910 4181 927 4197 ·
982 4161 1041 4210 et
1065 4169 1141 4210 ue

580 4242 818 4302 niebant
842 4253 901 4303 et
927 4245 1157 4321 baptiza

577 4333 789 4396 bantur
810 4367 825 4384 ·
888 4334 933 4370 '⁴
952 4336 1219 4398 nondum

1812 335 2332 400 IOHANNE'N
2346 366 2362 383 ·

1334 508 1494 569 enim
1520 508 1702 567 misus
1730 517 1854 567 erat

1336 603 1397 661 in
1426 620 1657 661 carcere
1684 602 1865 661 iohan

1334 713 1441 755 nes
1460 727 1474 743 ·
1534 693 1578 727 ’ὅ
1596 696 1841 755 Factum
1868 704 1958 755 est

1335 807 1479 866 ergo
1506 798 1569 849 ut
1598 790 1757 849 fieret
1784 808 1929 866 ques

1333 884 1418 942 tio
1488 885 1635 943 inter
1663 883 1889 960 discipu

1335 976 1425 1036 los
1454 976 1724 1037 iohannis
1750 988 1808 1036 et
1835 978 1895 1035 iu

1335 1071 1514 1130 dacos
1544 1072 1615 1131 de
1643 1072 1883 1149 purifica

1334 1167 1496 1225 tione
1518 1196 1533 1212 ·
1594 1166 1639 1200 ²⁶
1655 1176 1713 1224 et
1740 1175 2021 1224 uenerunt

1334 1258 1411 1317 ad
1441 1258 1759 1318 iohannem
1787 1270 1845 1317 et
1872 1259 1973 1318 dix

1333 1361 1502 1411 erunt
1528 1352 1609 1411 illi
1637 1383 1652 1399 ·
1712 1352 1879 1411 rabbi

1336 1447 1435 1524 qui
1463 1456 1585 1505 erat
1612 1454 1805 1505 tecum

1334 1549 1495 1599 trans
1524 1540 1825 1599 iordanem

1333 1634 1428 1693 cui
1456 1642 1520 1692 tu
1548 1634 1948 1693 testimonium

1336 1727 1529 1786 dixisti
1550 1758 1565 1774 ·
1621 1745 1761 1786 ecce
1789 1728 1885 1788 hic

1334 1821 1545 1880 batizat
1572 1831 1630 1879 et
1658 1838 1865 1880 omnes

1333 1914 1575 1972 ueniunt
1604 1914 1680 1973 ad
1707 1932 1843 1973 eum
1862 1946 1877 1961 ·

1334 2003 1377 2041 ’⁷
1398 2006 1727 2083 Respondit
1747 2007 2019 2067 iohannis

1336 2110 1395 2159 et
1422 2100 1566 2160 dixit
1584 2132 1599 2147 ·
1664 2119 1788 2161 non
1816 2119 1897 2178 po

1335 2202 1447 2253 test
1474 2193 1655 2254 homo
1686 2195 1885 2272 accipe

1337 2305 1397 2346 re
1426 2287 1642 2365 aliquid
1668 2288 1781 2347 nisi
1807 2288 1869 2347 su

1336 2557 1443 2615 erit
1462 2555 1517 2615 ei
1537 2556 1739 2616 datum
1763 2558 1835 2618 de
1855 2557 2018 2618 caelo

1336 2647 1381 2683 ⁸⁸
1400 2651 1511 2727 ipsi
1538 2668 1650 2710 uos
1678 2651 1824 2710 mihi
1851 2652 1983 2711 testi

1337 2745 1600 2804 monium
1628 2745 1868 2821 perhibe

1336 2838 1410 2897 tis
1429 2871 1444 2884 ·
1504 2845 1647 2916 qfim
1679 2839 1799 2898 dixi
1828 2857 1951 2897 non

1337 2949 1467 2990 sum
1494 2949 1609 3008 ego
1638 2937 1749 3007 xps
1834 2931 1951 2992 Sed

1336 3031 1481 3104 qum
1508 3027 1719 3085 missus
1748 3043 1878 3086 sum

1336 3128 1469 3179 ante
1497 3120 1690 3196 ipsum
1710 3150 1725 3165 ·

1336 3210 1381 3246 ²⁹
1399 3212 1957 3292 quihabesssponsam

1338 3323 1589 3383 sponsus
1616 3317 1703 3366 est
1722 3338 1737 3354 ·
1797 3305 1936 3365 Ami

1337 3417 1441 3460 cus
1470 3409 1663 3461 autem
1692 3401 1896 3476 sponsi

1337 3492 1437 3569 qui
1465 3503 1577 3552 stat
1604 3502 1663 3552 et
1692 3494 1851 3553 audit
1877 3499 1953 3553 esi

1336 3586 1552 3664 gaudio
1581 3586 1795 3664 gaudet

1334 3691 1573 3757 propter
1600 3699 1811 3740 uocem
1840 3692 1982 3758 spon

1334 3774 1417 3832 si·
1480 3772 1596 3833 hoc
1624 3775 1853 3850 itaquae

1332 3885 1528 3926 meum
1554 3868 1833 3944 gaudium

1332 3960 1613 4038 repletum
1639 3971 1727 4019 est
1745 3991 1760 4007 ·
1824 3960 1871 3995 ⁸⁰
1887 3959 1986 4020 illa

1332 4055 1491 4113 enim
1519 4063 1752 4130 oportet
1779 4072 1905 4114 cres

1332 4166 1465 4207 cere
1488 4179 1504 4195 ·
1565 4166 1662 4206 me
1691 4157 1884 4207 autem

1332 4242 1549 4300 minui·
1611 4241 1656 4275 ⁸¹
1674 4243 1773 4319 qui
1799 4242 1958 4301 enim

1330 4333 1404 4394 de
1432 4351 1632 4394 susum
1657 4336 1817 4396 uenit

2143 524 2316 584 super
2345 522 2552 565 omnes
2579 513 2666 564 est
2690 535 2705 551 ·

2143 600 2246 678 qui
2274 611 2466 657 autem
2496 609 2582 658 est
2611 598 2684 657 de

2144 702 2293 753 terra
2322 693 2393 751 de
2421 702 2571 751 terra
2597 701 2685 751 est
2705 724 2718 738 ·

2143 795 2202 845 et
2229 786 2302 845 de
2329 796 2481 845 terra
2507 786 2668 863 loqui

2142 890 2236 937 tur
2258 911 2273 926 ·
2334 879 2435 956 qui
2463 888 2656 937 autem

2146 974 2222 1032 de
2252 973 2378 1033 celo
2406 972 2567 1032 uenit
2595 990 2665 1031 su

2142 1084 2250 1144 per
2277 1084 2484 1126 omnes
2512 1076 2598 1124 est
2618 1096 2633 1111 ·

2142 1159 2188 1194 ⁸¹
2203 1158 2280 1217 Et
2309 1158 2470 1236 quod
2496 1156 2640 1217 uidit
2667 1167 2726 1217 et
2755 1175 2829 1218 au

2143 1253 2288 1313 diuit
2315 1253 2432 1313 hoc
2458 1253 2706 1312 testifica

2142 1357 2234 1405 tur
2253 1378 2267 1394 ·
2325 1356 2382 1406 et
2410 1346 2641 1405 testimo

2143 1441 2306 1499 nium
2334 1440 2458 1499 eius
2485 1457 2662 1498 nemo

2143 1534 2394 1611 accipit·
2453 1532 2498 1565 ⁸³
2515 1532 2616 1610 qui
2644 1536 2778 1591 aute

2143 1627 2358 1704 accipit
2386 1625 2512 1685 eius
2541 1626 2676 1685 testi

2142 1721 2410 1779 monium
2438 1721 2608 1797 signa

2142 1816 2227 1875 uit
2254 1815 2392 1892 quia
2422 1815 2491 1873 ds
2518 1831 2696 1872 uerax

2142 1918 2266 1968 est·
2326 1907 2533 1985 “qum
2563 1925 2743 1984 quem

2144 2002 2214 2062 ds
2233 2001 2390 2061 misit
2417 2002 2596 2061 uerba
2625 2000 2686 2059 di

2141 2092 2396 2173 lo‘quitur
2417 2126 2434 2142 ·
2498 2112 2622 2153 non

2143 2190 2302 2248 enim
2330 2188 2406 2248 ad
2433 2198 2751 2248 mensura-

2146 2282 2246 2341 dat
2273 2282 2343 2341 ds
2371 2286 2504 2358 ssim
2523 2312 2538 2327 ·
2596 2281 2822 2341 ³⁶Pater

2147 2561 2334 2638 diligit
2362 2561 2544 2620 filium
2563 2592 2578 2608 ·
2637 2571 2696 2622 et

2146 2657 2348 2715 omnia
2377 2655 2536 2715 dedit
2565 2657 2626 2714 in
2653 2673 2752 2715 ma

2144 2767 2228 2808 nu
2254 2750 2378 2808 eius
2398 2781 2413 2796 ·
2491 2745 2538 2782 ⁸⁶
2556 2749 2657 2826 qui
2685 2767 2787 2809 cre

2145 2842 2230 2902 dit
2257 2844 2320 2900 in
2348 2842 2530 2902 filium
2557 2843 2735 2904 habet

2142 2936 2325 2994 uitam
2352 2947 2650 2996 aeternam
2668 2967 2682 2983 ·

2144 3029 2266 3102 Qui
2293 3039 2449 3088 atem
2476 3047 2598 3088 non
2628 3029 2809 3090 credit

2144 3122 2206 3180 in
2235 3123 2415 3181 filium
2498 3140 2622 3183 non
2648 3125 2710 3182 ui

2143 3215 2302 3275 debit
2327 3216 2509 3276 uitam
2529 3248 2543 3263 ·
2609 3215 2726 3276 Sed

2141 3311 2228 3370 ira
2255 3309 2314 3369 di
2338 3320 2537 3370 manet
2565 3328 2740 3387 super

2223 3427 2305 3456 -t
2347 3403 2508 3462 illum
2551 3429 2629 3456 α*

2140 3496 2291 3546 tertia
2303 3495 2555 3570 dominica
2572 3501 2686 3561 post
2695 3511 2848 3561 pasca

2094 3573 2125 3606 *
2142 3581 2206 3635 4.
2249 3574 2270 3608 ¹
2289 3575 2370 3635 Ut
2397 3593 2541 3653 ergo
2563 3577 2848 3653 cognouit

2091 3672 2123 3706 ⁴¹
2142 3669 2254 3728 dfis
2278 3702 2291 3716 ·
2337 3669 2566 3729 audisse
2594 3669 2655 3729 fa

2090 3765 2125 3798 ⁴*
2142 3765 2326 3824 riseos
2345 3793 2360 3810 ·
2419 3764 2556 3841 quia
2583 3764 2674 3822 ihs

2092 3855 2123 3888 *
2143 3857 2336 3935 plures
2364 3856 2588 3933 discipu

2089 3954 2121 3988 ⁴¹
2140 3951 2231 4010 los
2255 3950 2469 4010 faceret
2537 3960 2594 4010 et
2621 3953 2739 4030 bap

2135 4046 2336 4104 tizaret
2404 4063 2582 4122 quam

2136 4139 2422 4199 iohannes
2447 4170 2462 4186 ·
2521 4136 2738 4218 ’quam

2135 4253 2314 4311 quam
2344 4234 2434 4293 ihs
2465 4234 2587 4311 ipse
2614 4253 2742 4294 non

2135 4328 2466 4405 baptizabat
2533 4329 2638 4388 sed

2138 4421 2406 4499 discipuli
2432 4423 2555 4481 eius
2577 4454 2591 4469 ·

3505 343 3596 415 45

2902 503 2924 537 ⁸
2937 502 3166 581 reliquit
3193 502 3462 563 iudaeam

2899 607 2959 656 et
2986 597 3168 656 habiit
3196 599 3258 655 in
3285 598 3562 673 galilea--

2898 693 2921 724 ⁴
2939 691 3269 768 Oportebat
3296 702 3489 750 autem

2898 785 3060 844 illum
3086 786 3327 843 transire

2899 897 3004 956 per
3031 879 3342 937 samariam
3364 908 3378 924 ·

2897 972 2921 1006 ⁸
2940 972 3116 1032 Uenit
3142 990 3287 1049 ergo
3315 972 3376 1031 in
3405 971 3580 1031 ciuita

2899 1077 3016 1126 tem
3045 1068 3326 1126 samariae
3355 1083 3469 1144 que

2900 1161 3106 1221 dicitur
3135 1160 3344 1239 sychar
3361 1192 3376 1207 ·

2900 1255 3060 1313 iuxta
3087 1272 3296 1331 agrum
3327 1253 3478 1331 quod

2897 1349 3055 1409 dedit
3083 1349 3256 1408 iacob
3284 1349 3450 1425 iosep

2897 1443 3018 1502 filio
3047 1459 3154 1501 suo
3178 1473 3192 1488 ·
3253 1443 3276 1474 ⁶
3295 1441 3437 1501 Erat

2897 1547 3093 1596 autern
3120 1536 3234 1595 illic
3265 1535 3399 1594 fons
3427 1535 3484 1595 ia

2899 1632 3015 1690 cob
3096 1630 3200 1689 Ihs
3227 1647 3372 1706 ergo
3401 1628 3460 1689 fa

2898 1726 3111 1801 tigatus
3141 1726 3216 1783 ab
3246 1724 3447 1783 itinere

2899 1819 3137 1879 sedebat
3165 1819 3248 1877 sic
3277 1835 3450 1895 super

2899 1913 3122 1972 fontem
3145 1943 3158 1958 ·
3243 1910 3416 1972 Hora
3439 1929 3475 1971 e

2898 2017 2986 2067 rat
3015 2007 3179 2084 quasi
3207 2016 3366 2064 sexta
3391 2036 3405 2052 ·
3561 2072 3566 2079 ‚

2897 2100 2922 2134 '¹
2938 2099 3017 2159 Et
3037 2100 3197 2159 uenit
3224 2099 3428 2158 mulier
3454 2116 3490 2159 a.
3519 2117 3586 2159 sa

2900 2194 3084 2253 maria
3110 2194 3339 2253 haurire

2899 2306 3149 2366 aquam·
3210 2295 3269 2347 et
3297 2284 3437 2346 dicit
3463 2287 3520 2347 ei

2898 2557 2988 2616 ihs
3017 2555 3094 2616 da
3120 2556 3264 2616 mihi
3291 2559 3490 2618 bibere
3508 2588 3525 2604 ·

2898 2650 2920 2683 ⁸
2937 2650 3204 2727 discipuli
3231 2661 3425 2710 autem
3453 2652 3516 2728 ip

2899 2745 3017 2803 sius
3045 2745 3306 2804 abierant
3334 2746 3396 2803 in
3424 2745 3480 2804 ci

2895 2837 3136 2896 uitatem
3162 2849 3226 2897 ut
3253 2855 3419 2898 escas

2901 2940 3160 2990 emerent
3182 2963 3196 2978 ·
3257 2932 3280 2966 ⁹
3299 2931 3458 2991 Dicit

2899 3042 3040 3101 ergo
3068 3027 3122 3084 ei
3151 3025 3356 3086 mulier
3383 3043 3548 3086 sarna.

2897 3117 3089 3178 ritana
3108 3150 3125 3166 ·
3191 3120 3499 3197 quomodo

2895 3220 2961 3271 tu
2988 3230 3124 3272 cum
3153 3214 3232 3272 sis
3260 3213 3465 3273 iudeus

2897 3323 2935 3365 a
2961 3324 3059 3365 me
3085 3307 3282 3366 bibere
3310 3308 3460 3384 petis

2896 3417 3032 3460 cum
3060 3401 3172 3458 sim
3199 3401 3402 3459 mulier
3429 3419 3495 3460 sa

2895 3495 3179 3553 maritans,
3197 3524 3212 3540 ·
3254 3512 3366 3554 nec
3395 3513 3429 3554 e

2895 3588 3021 3645 nim
3050 3597 3362 3647 coutuntur
3389 3585 3450 3647 iu

2896 3680 3029 3740 daei
3057 3682 3342 3741 samaritis
3361 3712 3376 3728 ·

2893 3773 2941 3807 ¹⁰
2958 3773 3290 3853 Respondit
3318 3775 3408 3834 ihs
3435 3785 3495 3835 et

2891 3869 3037 3930 dixit
3064 3870 3176 3928 illi·
3261 3870 3312 3928 si
3339 3870 3515 3928 scires

2893 3963 3118 4022 donum
3145 3963 3207 4023 di
3234 3973 3292 4038 et
3321 3964 3452 4041 quis

2890 4066 2980 4116 est
3007 4058 3135 4134 quis
3163 4065 3252 4116 est
3279 4057 3380 4134 qui
3414 4057 3518 4116 tibi

2892 4150 3030 4210 dicit
3057 4150 3134 4210 da
3160 4151 3305 4210 mihi
3333 4151 3533 4211 bibere
3549 4181 3566 4199 ·

2888 4252 2954 4302 tu
2981 4245 3168 4322 magis
3194 4245 3439 4322 petisses

2891 4341 2968 4398 ab
2993 4357 3068 4398 eo
3091 4370 3104 4385 ·
3148 4338 3225 4397 Et
3253 4337 3505 4398 dedisset

3641 510 3766 558 1⁸01.
3785 510 3909 558 210.
