4373 5048
599 376 720 428 ΧΠ.
747 372 966 440 22-48.]

299 538 428 585 1¹⁰1·
441 536 564 587 128.
603 537 827 598 ducetis
845 570 861 585 ·
927 556 1121 615 neque

603 633 835 709 corpori
863 631 1004 710 quid
1033 648 1139 691 ues

603 726 828 785 tiarnini
846 758 862 772 ·
905 726 950 760 ¹⁸
967 726 1193 785 Anima

602 820 734 897 plus
761 829 850 879 est
876 838 1055 897 quam
1083 838 1147 878 es

603 931 676 973 ca
697 944 712 959 ·
783 922 844 973 et
869 930 1086 992 corpus
1113 922 1281 991 qua-

603 1007 1018 1065 uestimentum
1046 1038 1060 1053 ·

603 1096 648 1133 ⁸¹
665 1098 1045 1159 Considerate
1073 1117 1178 1160 cor

606 1211 718 1253 uos
740 1223 755 1240 ·
829 1194 968 1271 quia
995 1211 1118 1254 non
1147 1212 1210 1253 se

607 1288 835 1345 minant
853 1318 868 1333 ·
931 1304 1124 1365 neque

608 1388 833 1439 metunt
873 1382 1090 1459 quibus

607 1492 732 1533 non
759 1483 849 1534 est
882 1474 1180 1534 cellarium
1202 1505 1217 1522 ·

609 1585 800 1645 neque
828 1568 1100 1627 horreum
1131 1600 1145 1615 ·

610 1672 668 1721 et
695 1661 766 1721 d‘s'
793 1662 982 1738 pascit
1004 1661 1136 1721 illos
1159 1693 1176 1709 ·

611 1764 834 1832 quanto
863 1756 1052 1832 magis
1079 1772 1190 1815 uos

610 1848 807 1926 plures
832 1850 972 1908 estis
997 1850 1094 1908 aui

612 1944 723 2003 bus
745 1972 760 1989 ·
801 1940 848 1976 ¹⁸
867 1942 1018 2016 Quis
1035 1948 1168 2002 aute

609 2046 872 2095 uestrum
892 2036 1128 2113 cogitan

613 2130 693 2189 do
723 2138 918 2206 potest
945 2130 1172 2191 adicere

612 2225 690 2283 ad
717 2224 925 2283 sutum
953 2242 1126 2283 suum
1155 2243 1230 2284 cu

611 2318 804 2377 bitum
831 2334 1017 2377 unum
1040 2348 1054 2364 ·
1080 2350 1094 2364 ·
1144 2315 1189 2352 '⁸
1205 2318 1272 2377 Si

613 2429 756 2488 ergo
785 2428 896 2470 nec
924 2411 1085 2489 quod
1113 2421 1205 2474 est

611 2505 921 2564 minimum
957 2514 1154 2583 potest

612 2636 687 2696 de
715 2638 918 2697 ceteris
947 2638 1089 2717 quid
1119 2638 1208 2697 sol

612 2729 752 2789 liciti
780 2731 920 2789 estis
939 2761 953 2776 ·
997 2728 1042 2764 ²⁷
1059 2731 1246 2792 Consi

615 2822 813 2882 derate
841 2823 958 2882 lilia
985 2841 1208 2902 quomo

613 2915 694 2975 do
723 2928 994 2976 crescunt
1013 2948 1028 2965 ·
1097 2936 1222 2977 non

611 3009 882 3069 laborant
907 3028 1100 3089 neque

614 3113 829 3163 neunt·
856 3136 869 3151 ·
897 3137 911 3151 ·
955 3104 1110 3165 Dico
1138 3111 1271 3166 aute

613 3197 785 3257 uobis
813 3203 958 3275 qi'tm
985 3216 1096 3258 nec
1127 3200 1256 3260 solo

614 3308 758 3350 mon
786 3292 846 3349 in
874 3293 1040 3350 omni
1065 3293 1252 3369 gloria

613 3385 966 3444 uestiebatur
1013 3386 1162 3445 sicut

613 3496 798 3538 unum
825 3497 899 3538 ex
927 3479 1052 3537 istis
1075 3509 1090 3526 ·

613 3571 659 3607 ’⁸
675 3572 798 3631 Aut
825 3572 1021 3633 uidete
1051 3573 1254 3634 fenum

612 3666 916 3742 quomodo
943 3666 1122 3726 hodie

615 3758 676 3816 in
703 3775 849 3835 agro
875 3769 967 3818 est
992 3770 1050 3819 et
1078 3778 1206 3820 cras

615 3851 676 3910 in
703 3851 1000 3912 clibanum
1029 3854 1178 3914 mitti

613 3955 706 4005 tur
730 3946 800 4006 ds
829 3948 912 4006 sie
944 3949 1114 4008 uestit

613 4051 836 4117 quanto
863 4042 1054 4118 mag-is
1077 4060 1188 4102 uos

613 4134 855 4211 pusillae
882 4135 1017 4195 fidei
1035 4167 1050 4182 ·

613 4223 744 4286 ”Et
763 4246 876 4288 uos
895 4229 1076 4290 nolite
1096 4246 1312 4307 quaere

613 4339 677 4380 re
705 4322 845 4400 quid
874 4322 1164 4383 manduce

614 4415 686 4474 tis
752 4425 852 4475 aut
877 4415 1020 4493 quid
1045 4417 1186 4476 biba

614 4507 689 4567 tis
711 4538 726 4555 ·
795 4509 975 4568 nolite
1004 4509 1186 4570 sollici

617 4601 658 4658 ti
692 4619 822 4662 esse
883 4601 1083 4663 ”haec
1111 4604 1272 4664 enim

1911 362 2267 425 LUCAN-

1348 548 1556 614 gentes
1582 537 1760 597 huius
1787 538 1948 598 modi

1350 642 1604 709 querunt
1625 663 1640 678 ·
1711 633 1824 691 scit
1851 652 1928 692 au

1349 734 1469 785 tem
1496 736 1660 802 pater
1677 736 1870 785 uester

1350 826 1494 897 qum
1521 819 1612 879 his
1647 819 1949 896 indigetis·
1975 852 1989 867 ·

1350 912 1393 946 ⁸¹
1411 911 1838 1004 Uerumtamen
1866 931 1984 991 que

1351 1008 1458 1067 rite
1489 1026 1737 1084 regnum
1767 1007 1828 1066 di

1351 1112 1412 1161 et
1437 1100 1583 1161 haec
1611 1102 1811 1162 omnia
1836 1101 1934 1161 adi

1353 1196 1578 1254 cientur
1603 1195 1776 1256 uobis
1799 1226 1814 1243 ·
1833 1228 1916 1241 —-

1353 1286 1438 1353 μ’
1447 1288 1644 1348 Nolite
1665 1290 1868 1349 timere
1887 1288 2038 1365 pusil

1354 1382 1445 1442 lus
1473 1401 1618 1460 grex
1688 1384 1830 1460 quia
1857 1401 1974 1443 con

1354 1475 1574 1555 placuit
1599 1478 1748 1555 patri
1767 1494 1872 1536 ues

1357 1579 1447 1631 tro
1474 1570 1612 1629 dare
1640 1572 1814 1629 uobis
1843 1589 1947 1648 reg

1355 1681 1500 1722 num
1520 1694 1535 1711 ·
1577 1663 1623 1696 ⁸⁸
1641 1662 1892 1723 Uendite

1356 1774 1510 1835 quae
1539 1757 1850 1835 possidetis
1881 1789 1894 1803 ·
1938 1766 1996 1815 et

1356 1851 1490 1910 date
1519 1850 1956 1928 aelemosynam
1978 1882 1993 1899 ·

1357 1943 1554 2004 Facite
1582 1945 1755 2005 uobis
1783 1963 1959 2004 saecu

1355 2038 1450 2097 los
1476 2039 1578 2116 qui
1611 2056 1735 2097 non
1761 2048 1897 2099 uete

1356 2141 1588 2191 reseant
1607 2162 1620 2179 ·
1688 2132 1897 2191 Thens

1360 2244 1567 2284 aurum
1595 2244 1719 2285 non
1747 2225 1917 2285 defici

1359 2330 1557 2379 entem
1584 2320 1645 2378 in
1674 2320 1850 2379 caelis

1358 2431 1480 2491 quo
1507 2412 1599 2472 fur
1627 2431 1752 2473 non
1781 2414 1966 2492 adpro

1359 2507 1481 2586 piat
1514 2527 1706 2586 neque
1735 2508 1893 2568 tinea

1361 2640 1698 2716 conrumpit
1714 2671 1731 2687 ·
1794 2639 1838 2673 ⁸⁴
1855 2659 1995 2700 nam

1361 2733 1464 2792 ubi
1491 2733 1841 2793 thensaurus

1361 2837 1555 2887 uester
1581 2838 1673 2887 est
1733 2829 1871 2887 ibiet

1361 2938 1467 2981 cor
1493 2931 1752 2981 uestrum
1779 2923 1888 2982 erit
1906 2953 1921 2970 ·
1947 2954 1961 2969 ·

1361 3014 1408 3048 ⁸⁸
1425 3013 1554 3074 Sint
1581 3024 1780 3074 autem
1807 3015 1992 3077 lumbi

1359 3108 1536 3168 uestri
1564 3109 1882 3185 praecincti

1362 3213 1421 3262 et
1441 3202 1707 3262 lucern⁸e
1737 3203 1918 3262 arden

1363 3305 1452 3356 tes
1473 3327 1490 3342 ·
1553 3296 1598 3329 ⁸⁸
1618 3307 1676 3356 et
1702 3315 1816 3356 uos
1845 3297 1977 3358 simi

1362 3388 1448 3450 les
1475 3389 1813 3450 hominibus
1835 3420 1850 3437 ·

1363 3493 1742 3560 expectantes
1771 3483 1914 3544 diim

1365 3594 1538 3636 suum
1606 3577 1846 3657 quando
1873 3595 1938 3638 re

1362 3679 1614 3729 uertatur
1640 3670 1716 3729 ad
1745 3689 1868 3747 nup

1363 3762 1456 3822 tiis
1474 3794 1489 3809 ·
1559 3772 1624 3822 ut
1652 3782 1789 3822 eum
1813 3783 1966 3824 uene

1361 3857 1434 3915 rit
1461 3865 1519 3915 et
1546 3856 1860 3933 pulsauerit

1361 3950 1672 4010 confestim
1699 3952 1859 4028 aperi

1363 4055 1466 4104 ant
1492 4045 1549 4103 ei
1573 4075 1587 4092 ·
1629 4043 1676 4078 ⁸⁷
1693 4043 1858 4104 Beati
1891 4065 1981 4106 ser

1362 4138 1424 4196 ui
1452 4137 1531 4196 illi
1552 4169 1566 4184 ·
1635 4155 1788 4215 quos
1815 4159 1952 4200 curn

1363 4232 1590 4290 uenerit
1617 4233 1728 4292 dfis
1757 4233 1818 4291 in

1364 4323 1559 4383 ueniet
1586 4325 1892 4402 uigilantes
1917 4355 1932 4372 ·

1365 4419 1560 4478 Amen
1589 4419 1723 4478 dico
1750 4420 1924 4480 uobis
1943 4452 1956 4466 ·

1363 4511 1527 4592 quod
1552 4512 1854 4590 precinget

1367 4625 1430 4666 se
1455 4637 1469 4652 ·
1542 4615 1600 4665 et
1627 4606 1850 4666 iubebit
1887 4606 2015 4666 illos

2153 537 2523 598 discumbere
2556 546 2613 597 et

2153 632 2391 691 transiet
2418 641 2476 690 et
2504 632 2678 692 minis

2153 726 2329 785 trabit
2354 726 2465 785 illis
2496 757 2511 772 ·
2556 726 2679 785 ”Et
2706 727 2755 787 si

2154 820 2383 879 uenerit
2404 836 2589 879 secun

2157 912 2237 973 da
2264 913 2465 990 uigilia
2524 922 2583 972 et
2610 914 2660 973 si

2156 1007 2324 1065 tertia
2349 1007 2549 1083 uigilia
2574 1024 2650 1066 ue

2157 1100 2307 1159 nerit
2335 1110 2393 1160 et
2421 1101 2501 1159 ita
2528 1102 2665 1161 inue

2158 1193 2307 1253 nerit
2361 1194 2517 1253 beati
2544 1204 2679 1254 sunt

2159 1287 2313 1345 serui
2342 1287 2421 1345 illi
2488 1294 2633 1367 qilm

2159 1382 2379 1441 iubebit
2406 1381 2537 1441 illos
2565 1382 2657 1441 dis

2159 1477 2436 1535 cumbere
2501 1484 2561 1536 et
2586 1486 2709 1535 tr⁸n

2159 1569 2269 1629 siet
2294 1578 2352 1629 et
2378 1570 2642 1629 ministra

2159 1665 2249 1723 bit
2280 1662 2391 1723 illis
2411 1696 2425 1710 ·
2447 1695 2461 1709 ·
2488 1694 2503 1711 ·
2532 1664 2578 1697 ⁸⁰
2594 1662 2739 1723 illud

2159 1766 2357 1815 autem
2378 1758 2583 1817 scitote
2602 1788 2617 1803 ·

2160 1850 2299 1927 quia
2328 1852 2373 1909 si
2404 1852 2575 1909 sciret
2602 1869 2681 1929 pa

2160 1943 2497 2004 terfamilias

2161 2054 2281 2115 qua
2308 2037 2456 2096 hora
2482 2036 2573 2096 fur
2600 2055 2676 2096 ue

2162 2132 2249 2189 nit
2276 2131 2538 2207 uigilaret
2564 2131 2649 2189 uti

2163 2243 2281 2303 que
2308 2236 2367 2285 et
2394 2243 2517 2284 non
2546 2225 2674 2285 sine

2163 2328 2251 2379 ret
2278 2318 2501 2396 perfodi
2523 2318 2603 2378 do

2163 2657 2329 2698 mum
2356 2655 2523 2698 suam
2546 2671 2562 2686 ·
2604 2637 2737 2699 ⁴⁰Et
2752 2657 2864 2700 uos

2163 2741 2349 2792 estote
2376 2733 2563 2810 parati

2163 2843 2283 2905 qua
2310 2825 2455 2886 hora
2481 2844 2607 2886 non
2631 2845 2713 2904 pu

2165 2919 2299 2980 tatis
2361 2919 2511 2978 filius
2537 2919 2703 2979 homi

2163 3013 2257 3072 nis
2284 3023 2565 3072 uenturus
2598 3023 2687 3074 est

2163 3105 2208 3139 ⁴¹
2226 3104 2390 3164 Dixit
2416 3117 2613 3166 autem
2640 3105 2720 3166 illi
2746 3125 2823 3184 pe

2164 3209 2285 3258 trus
2312 3197 2429 3260 dne
2456 3200 2532 3259 ad
2562 3218 2675 3259 nos

2167 3291 2315 3352 dicis
2332 3293 2483 3352 hanc
2512 3293 2685 3352 simili

2167 3386 2433 3445 tudinem
2501 3405 2579 3446 an
2606 3387 2685 3448 ad

2167 3497 2375 3539 omnes
2394 3511 2409 3528 ·
2450 3477 2495 3512 ⁴²
2512 3480 2677 3540 Dixit

2166 3583 2363 3634 autem
2392 3574 2503 3634 dr'ts
2524 3605 2541 3622 ·
2610 3575 2743 3653 quis

2167 3678 2257 3728 est
2278 3668 2465 3728 fidelis
2492 3668 2703 3745 dispen

2166 3773 2326 3822 sator
2354 3771 2413 3820 et
2442 3763 2701 3838 prudens
2724 3793 2741 3810 ·

2164 3873 2343 3934 quem
2370 3857 2667 3916 constituit

2165 3949 2277 4008 diis
2306 3967 2479 4025 super
2507 3947 2649 4008 fami

2163 4044 2301 4102 liam
2330 4061 2497 4102 suam
2522 4055 2589 4104 ut
2608 4044 2706 4104 det

2165 4139 2277 4198 illis
2305 4138 2365 4196 in
2394 4148 2657 4216 ternpore

2163 4233 2335 4292 tritici
2361 4239 2635 4293 mensura

2165 4327 2211 4360 ⁴⁸
2229 4329 2435 4387 beatus
2466 4345 2669 4386 seruus
2697 4325 2736 4384 il

2165 4419 2222 4480 le
2249 4439 2427 4500 quem
2455 4420 2655 4480 uenies
2682 4419 2797 4480 diis

3530 377 3613 447 93

2910 538 3037 597 eius
3064 538 3323 597 inueniet

2910 632 2990 690 ita
3016 631 3331 691 facientem
3354 662 3369 679 ·

2908 724 2953 757 ⁴⁴
2966 724 3121 785 Uere
3140 725 3275 785 dico
3292 727 3460 786 uobis
3477 726 3617 805 quia

2911 836 3088 896 super
3116 821 3317 879 omnia
3344 823 3424 879 bo

2912 930 2991 971 na
3018 930 3125 973 sua
3152 914 3465 973 constituet

2912 1006 3077 1065 illum
3094 1038 3108 1053 ·
3133 1038 3148 1053 ·
3172 1038 3189 1053 ·
3232 1006 3278 1041 ⁴⁵
3297 1008 3460 1085 quod
3488 1008 3538 1067 si

2911 1100 3121 1160 dixerit
3146 1119 3351 1161 seruus

2912 1194 3005 1253 ille
3034 1195 3095 1251 in
3124 1195 3304 1254 corde
3341 1212 3451 1254 suo

2912 1286 3115 1347 dicens
3140 1318 3155 1334 ·
3226 1306 3452 1349 moram

2912 1379 3049 1440 facit
3070 1382 3181 1440 dfis
3202 1399 3369 1441 meus

2912 1474 3115 1533 uenire
3141 1506 3155 1521 ·
3219 1476 3297 1535 Et
3326 1493 3513 1553 coepe

2910 1568 2985 1628 rit
3012 1577 3313 1645 percutere

2912 1680 3128 1740 pueros
3154 1672 3214 1721 et
3240 1663 3395 1722 ancil

2913 1756 2999 1813 las
3022 1786 3038 1801 ·
3108 1764 3167 1813 et
3192 1756 3365 1815 edere
3393 1766 3453 1816 et

2914 1849 3113 1908 bibere
3142 1858 3201 1907 et
3226 1849 3411 1908 inebri

2915 1943 3001 2001 ari
3019 1973 3033 1988 ·
3076 1942 3334 2001 ⁴‘ueniet
3361 1942 3473 2003 dns

2916 2036 3069 2095 serui
3097 2035 3247 2095 illius
3310 2037 3372 2094 in
3399 2037 3495 2097 die

2917 2148 3036 2207 qua
3062 2147 3183 2189 non
3212 2140 3437 2207 sperat·

2915 2233 2974 2282 et
3001 2223 3147 2282 hora
3174 2242 3295 2301 qua
3322 2225 3510 2286 nescit

2916 2317 2970 2377 ei
2990 2317 3209 2378 diuidet
3236 2335 3376 2379 eum

2913 2645 3254 2715 partemque
3280 2638 3407 2697 eius

2914 2749 3053 2792 cum
3078 2730 3411 2792 infidelibus

2915 2825 3087 2901 ponit
3114 2856 3128 2870 ·
3154 2855 3169 2870 ·
3196 2855 3211 2870 ·
3254 2823 3300 2858 ⁴⁷
3316 2823 3411 2884 ille
3437 2829 3571 2884 aute

2915 2935 3117 2978 seruus
3143 2918 3245 2997 qui
3274 2935 3392 2995 cog

2914 3012 3081 3072 nouit
3109 3011 3211 3070 dr'ti
3238 3011 3329 3070 sui
3356 3029 3437 3072 uo

2914 3105 3197 3164 luntatem
3221 3113 3281 3164 et
3308 3123 3433 3165 non

2919 3199 3172 3276 paruerit
3198 3198 3274 3257 ad
3301 3216 3384 3259 uo

2916 3293 3198 3352 luntatem
3224 3292 3377 3352 illius
3394 3323 3411 3340 ·

2917 3387 3219 3463 uapulauit
3246 3388 3434 3446 multu

2916 3479 2962 3514 ⁴⁸
2980 3481 3103 3553 Qui
3118 3491 3318 3540 autem
3338 3499 3461 3540 non
3476 3497 3595 3558 cog

2918 3575 3148 3634 nouerit
3172 3584 3233 3634 et
3259 3572 3381 3633 fece

2916 3668 2990 3727 rit
3017 3667 3197 3744 digna
3221 3666 3411 3744 plagis

2917 3761 3217 3839 uapulabit
3243 3760 3448 3838 paucis

2918 3856 3119 3914 omnia
3138 3865 3333 3914 autem
3360 3855 3459 3914 cui

2917 3949 3165 4008 multum
3193 3949 3395 4008 datum

2918 4043 3087 4103 fuerit
3154 4043 3341 4102 multil

2916 4147 3226 4215 quaeretur
3252 4137 3327 4196 ab
3354 4135 3454 4196 illo

2918 4241 2977 4291 et
2998 4233 3094 4291 eui
3122 4229 3488 4290 comendaue

2916 4325 3031 4383 rint
3086 4325 3333 4384 multum
3355 4355 3371 4370 ·

2916 4418 3049 4495 plus
3076 4427 3275 4495 petent
3302 4423 3379 4482 ab
3405 4438 3482 4481 eo
3500 4449 3513 4465 ·
3533 4444 3617 4459 -

3638 538 3761 589 1⁸01.
3785 538 3908 591 124.
