4373 5048
608 358 673 410 Χ.
694 352 879 423 6-34.]

314 544 440 595 1⁸01.
467 547 585 595 uu.
610 525 771 603 pacis
790 556 805 571 ·
870 524 1173 605 requiescit

608 637 784 697 super
811 618 973 679 illum
1000 638 1117 697 pax

604 723 799 773 uestra
816 745 833 761 ·
893 715 985 773 sin
1012 718 1146 773 aute

604 824 779 883 super
806 825 917 867 uos
944 826 1109 867 reuer

603 910 754 960 tetur
776 932 791 947 ·
835 902 859 935 ⁷
878 903 939 960 in
968 901 1177 961 eadem

603 1004 801 1055 autem
830 996 1011 1055 domo
1038 1014 1137 1055 ma

602 1099 735 1148 nete
764 1090 1037 1151 aedentes
1065 1098 1125 1151 et

600 1183 867 1243 bibentes
894 1203 1046 1263 quae
1074 1202 1111 1244 a

598 1277 721 1352 pud
747 1277 878 1338 illos
907 1287 1039 1338 sunt
1062 1310 1077 1325 ·

598 1370 813 1447 dignus
839 1382 929 1433 est
954 1373 1113 1431 enim

594 1467 891 1541 operarius
919 1484 1044 1526 mer

597 1559 744 1620 cede
770 1578 877 1621 sua
905 1592 920 1607 ·
982 1559 1180 1621 Nolite

596 1655 835 1714 transire
864 1655 936 1715 de
964 1655 1145 1715 domo

597 1748 659 1806 in
685 1748 931 1809 domum
955 1780 970 1795 ·
1014 1749 1035 1782 ⁸
1050 1759 1109 1810 et
1135 1750 1196 1809 in

595 1860 966 1922 quacumque
994 1844 1075 1904 do

595 1954 759 1995 mum
780 1937 1054 1998 intraueri

593 2031 665 2089 tis
694 2040 751 2090 et
776 2033 1109 2109 acceperint

594 2142 707 2183 uos
736 2125 1089 2185 manducate

593 2236 960 2297 quecumque
988 2219 1149 2296 adpo

594 2322 810 2370 nuntur
836 2314 1005 2373 uobis
1027 2344 1043 2359 ·
1086 2313 1109 2347 ⁹
1124 2314 1202 2373 Et

591 2416 786 2466 curate
814 2408 1073 2467 infirmos

590 2501 692 2578 qui
719 2501 781 2560 in
808 2500 905 2562 illa
931 2510 1067 2561 sunt

590 2641 647 2690 et
673 2632 848 2692 dicite
876 2633 987 2692 illis
1014 2633 1201 2711 adpro

588 2726 772 2803 piauit
798 2727 859 2785 in
886 2744 997 2787 uos
1024 2735 1209 2806 regnu

590 2820 650 2878 di
664 2852 677 2866 ·
700 2852 715 2866 ·
739 2852 752 2867 ·
772 2819 819 2854 ¹⁰
840 2822 901 2880 in
918 2839 1289 2901 quacumque

588 2923 781 2972 autem
813 2915 1044 2975 ciuitate
1072 2917 1223 2976 intra

588 3008 783 3066 ueritis
839 3018 897 3068 et
924 3026 1047 3069 non
1074 3028 1206 3071 rece

588 3101 776 3176 perint
803 3119 912 3162 uos
932 3134 945 3149 ·
1007 3113 1287 3163 exeuntes

586 3195 649 3252 in
676 3195 879 3271 plateis
905 3196 1031 3255 eius
1058 3197 1235 3258 dicite

584 3285 627 3319 ¹¹
645 3289 818 3348 etiam
846 3290 1143 3366 puluerem
1165 3292 1265 3370 qui

586 3381 809 3442 adhesit
836 3385 1005 3444 nobis
1035 3384 1108 3444 de
1137 3385 1251 3444 ciui

584 3484 699 3535 tate
728 3487 919 3536 uestra
944 3477 1006 3535 in
1035 3478 1237 3555 pedibs

584 3571 935 3647 extergimus
964 3571 1023 3629 in
1050 3573 1222 3631 uobis
1240 3603 1256 3618 ·

1936 350 2289 413 LUCAN-

1361 524 1551 587 factae
1578 536 1713 587 sunt
1732 558 1746 575 ·
1811 528 1953 588 olim

1358 618 1421 677 in
1449 620 1639 681 cilicio
1666 630 1725 681 et
1752 622 1943 681 cinere

1358 713 1773 789 paenitentiam
1797 714 2045 791 egissent

1356 806 1821 867 ¹⁴Uerumtamen
1852 818 1980 885 tyro
2002 819 2060 868 et

1357 900 1550 960 sidoni
1576 902 1639 960 in
1666 901 1884 961 iudicio
1912 912 1976 961 to

1355 993 1646 1055 lerabilius
1671 995 1777 1054 erit
1804 1006 1971 1075 qua-

1356 1088 1527 1147 uobis
1548 1120 1561 1135 ·
1583 1120 1597 1135 ·
1620 1121 1634 1134 ·
1658 1086 1781 1148 uEt
1803 1098 1867 1147 tu
1882 1107 2058 1166 caper

1354 1199 1533 1240 naum
1562 1200 1712 1262 quae
1738 1200 1925 1261 usque
1952 1182 2029 1243 ad

1355 1275 1583 1335 caelum
1612 1276 1863 1337 exaltata
1888 1294 1953 1335 es

1350 1386 1538 1448 usque
1565 1370 1623 1429 in
1652 1369 1941 1431 infernum

1354 1462 1707 1540 demergeris
1730 1494 1745 1511 ·
1766 1494 1852 1509 --

1352 1554 1636 1629 ¹⁸Quiuos
1646 1559 1803 1618 audit
1812 1577 1908 1619 me
1917 1558 2078 1620 audit

1351 1660 1411 1711 et
1438 1653 1537 1731 qui
1566 1671 1676 1713 uos
1706 1654 1925 1733 spernit

1349 1764 1446 1807 me
1474 1748 1693 1824 spernit
1764 1749 1862 1827 qui
1892 1765 1969 1809 au

1351 1850 1470 1899 tem
1497 1859 1593 1901 me
1620 1843 1839 1919 spernit

1348 1936 1569 2011 spernit
1595 1952 1732 1995 eum
1780 1936 1881 2015 qui
1908 1954 2005 1995 me

1347 2030 1503 2091 misit
1520 2061 1537 2077 ·
1598 2028 1643 2063 ¹⁷
1660 2030 1871 2090 reuersi
1898 2040 2027 2089 sunt

1346 2132 1543 2181 autem
1572 2123 1941 2201 septuaginta

1346 2235 1481 2276 cum
1508 2216 1726 2294 gaudio
1753 2217 1923 2277 dicen

1340 2318 1429 2369 tes
1446 2341 1463 2357 ·
1514 2312 1628 2371 dfie
1656 2311 1832 2370 etiam
1859 2310 1971 2371 dae

1344 2406 1547 2463 monia
1572 2405 1635 2463 in
1663 2406 1903 2465 nomine
1929 2415 2026 2464 tu⁰

2164 527 2310 589 caeli
2337 538 2397 588 et
2423 538 2603 589 terrae
2625 560 2640 575 ·

2162 622 2324 701 quod
2351 622 2669 683 abscondis

2161 716 2204 773 ti
2231 715 2379 775 haec
2406 734 2443 775 a
2470 716 2794 793 spientibus

2158 818 2219 869 et
2245 810 2628 887 prudentibus

2158 911 2217 961 et
2243 902 2511 963 reuelasti
2537 921 2608 963 ea
2635 920 2742 981 par

2155 994 2308 1055 uulis
2329 1026 2343 1043 ·
2408 996 2504 1055 Ita
2529 1006 2696 1073 pater

2155 1090 2294 1167 quia
2320 1090 2404 1150 sic
2433 1092 2594 1149 bona
2619 1090 2804 1151 uolun

2154 1192 2246 1242 tas
2275 1183 2375 1243 fuit
2402 1194 2536 1243 ante
2567 1194 2624 1245 te
2643 1216 2658 1231 ·

2152 1273 2200 1307 ¹¹
2215 1276 2294 1337 Et
2321 1296 2642 1339 conuersus
2668 1278 2748 1339 ad
2767 1278 2858 1339 dis

2154 1370 2380 1447 cipulos
2408 1390 2546 1433 suos
2574 1372 2672 1433 dix

2152 1464 2228 1523 sit
2254 1466 2455 1525 omnia
2484 1466 2628 1527 mihi

2152 1558 2362 1617 tradita
2389 1570 2524 1620 sunt
2551 1578 2588 1619 a
2615 1578 2692 1637 pa

2152 1662 2239 1711 tre
2267 1670 2404 1712 meo
2473 1654 2551 1714 Et
2579 1672 2757 1715 nemo

2153 1746 2264 1806 scit
2290 1748 2388 1826 qui
2422 1758 2512 1808 est
2541 1748 2690 1809 filius

2152 1841 2265 1899 nisi
2294 1851 2459 1917 pater
2478 1872 2493 1889 ·
2557 1844 2636 1903 Et
2663 1845 2794 1922 quis

2152 1935 2316 1993 nouit
2343 1944 2569 2012 patrem
2596 1938 2706 1997 nisi

2151 2028 2301 2088 filius
2324 2060 2339 2077 ·
2399 2041 2459 2091 et
2486 2032 2582 2091 cui
2609 2031 2751 2091 uolu

2148 2124 2254 2183 erit
2281 2123 2428 2184 filius
2455 2126 2710 2185 reuelare

2147 2214 2192 2251 ²⁸
2211 2216 2290 2276 Et
2318 2236 2636 2279 conuersus
2657 2220 2731 2280 ad
2760 2220 2852 2280 dis

2146 2310 2374 2389 cipulos
2402 2330 2666 2373 seorsum

2146 2403 2290 2463 dixit
2313 2437 2328 2451 ·
2349 2438 2361 2452 ·
2383 2438 2398 2453 ·
2444 2406 2606 2467 Beati
2627 2407 2708 2465 ita

3533 348 3615 429 89

2915 527 2994 587 Et
3021 528 3082 587 in
3111 536 3235 589 tota
3263 528 3458 587 anima
3479 537 3580 589 tua
3597 558 3612 576 ·
3640 545 3764 598 rol.
3787 550 3904 597 110.

2915 631 2975 680 et
3001 623 3062 680 in
3090 632 3214 681 tota
3239 622 3450 682 uirtute
3477 631 3568 709 tu⁸
3595 652 3611 671 ·

2913 724 2973 774 et
2999 725 3122 775 tota
3141 726 3340 775 mente
3359 726 3460 777 tua
3479 746 3495 765 ·

2913 818 2970 868 et
2996 810 3330 886 proximum
3357 820 3511 871 tuu-

2911 904 3059 963 sicut
3084 904 3338 982 teipsum

2907 994 2952 1029 ²⁸
2972 996 3132 1057 Dixit
3159 1009 3352 1059 autem
3381 998 3462 1061 illi
3481 999 3572 1061 ihs
3593 1030 3609 1049 ·

2907 1102 3063 1149 recte
3091 1092 3440 1169 respondisti
3456 1124 3472 1141 ·

2906 1182 3022 1243 hoc
3051 1184 3144 1245 fac
3173 1196 3233 1245 et
3258 1187 3422 1247 uiues
3439 1218 3526 1233 —

2905 1274 2950 1311 ²·
2967 1278 3071 1338 Ille
3101 1288 3296 1339 autem
3320 1280 3530 1341 uolens

2904 1370 3211 1433 iustificare
3232 1374 3479 1452 ”ipsum

2904 1464 3048 1525 dixit
3073 1467 3151 1526 ad
3177 1466 3300 1527 ihm
3317 1498 3334 1515 ·
3392 1477 3450 1528 et
3476 1469 3609 1547 quis

2905 1570 2993 1619 est
3020 1578 3186 1621 meus
3213 1562 3519 1638 proximus

2903 1651 2950 1685 ⁸⁰
2970 1651 3305 1732 Suscipiens
3332 1666 3529 1715 autem

2903 1746 2994 1807 ihs
3021 1748 3164 1807 dixit
3184 1778 3199 1793 ·
3221 1780 3235 1793 ·
3257 1780 3271 1797 ·
3318 1747 3504 1809 homo

2902 1840 3140 1917 quidam
3168 1841 3462 1903 descende

2901 1935 3004 1993 bat
3029 1936 3106 1994 ab
3132 1933 3476 1996 hierusalem

2901 2027 2964 2086 in
2991 2025 3206 2089 hierico
3233 2040 3292 2089 ct
3317 2029 3522 2091 incidit

2900 2122 2961 2181 in
2989 2122 3242 2185 latrones
3295 2124 3396 2202 qui
3421 2124 3538 2185 effi.

2901 2215 3357 2293 dispoliauerunt
3383 2218 3482 2277 illu
3501 2249 3518 2266 ·

2897 2310 2976 2369 Et
3002 2310 3190 2388 plagis
3217 2312 3463 2389 inpostis

2896 2404 3182 2464 semiuiuo
3209 2406 3411 2467 relicto

1342 2515 1455 2558 nos
1471 2498 1738 2560 audiunt·
1761 2497 1805 2533 ¹⁸
1816 2499 1958 2560 dixit
1967 2518 2043 2559 au
2142 2516 2258 2576 que
2285 2498 2438 2560 oculi
2518 2501 2618 2579 qui
2646 2502 2782 2564 uide
2893 2498 3156 2559 abierunt
3176 2533 3260 2546 —

1342 2640 1461 2690 tem
1480 2631 1588 2690 illis
1636 2631 1901 2692 uideba-

1342 2735 1591 2785 satanan
1618 2727 1765 2786 sicut
1794 2727 1875 2788 sul

1340 2837 1451 2896 gur
1479 2821 1552 2880 de
1580 2820 1708 2879 celo
1737 2821 1923 2880 eaden

1340 2925 1460 2974 tem
1480 2945 1495 2960 ·
1538 2912 1583 2947 ¹⁹
1602 2915 1682 2972 Et
1709 2933 1812 2974 cce
1844 2916 1979 2976 dedi

1338 3008 1511 3067 uobis
1539 3013 1830 3085 potestate

1337 3102 1599 3162 calcandi
1628 3120 1801 3180 super
1828 3121 1921 3164 ser

1335 3207 1546 3274 pentes
1570 3205 1626 3256 et
1654 3199 1848 3274 scorpi

1335 3307 1481 3350 ones
1505 3322 1519 3337 ·
1580 3301 1643 3350 et
1666 3309 1840 3370 supra

1334 3401 1575 3446 omnem
1606 3386 1873 3461 uirtutem

1332 3479 1549 3538 inimici
1568 3511 1583 3526 ·
1646 3491 1703 3540 et
1732 3481 1872 3540 nihil

1333 3589 1444 3631 uos
1472 3575 1711 3635 nocebit
1727 3608 1811 3619 —

584 3661 815 3722 Tamen
833 3663 945 3724 hoc
964 3665 1169 3724 scitote
1179 3666 1317 3744 quia
1332 3663 1376 3697 ²⁰
1395 3665 1815 3728 Uerumtamen
1844 3669 1905 3728 in

582 3757 948 3835 adpropiauit
976 3766 1160 3836 regnil

1333 3759 1449 3819 hoc
1478 3761 1655 3820 nolite
1680 3762 1873 3838 gaude

583 3852 643 3910 di
660 3883 675 3898 ·
704 3849 880 3913 ¹’dico
902 3863 1096 3912 autem
1116 3855 1285 3914 uobis
1334 3873 1396 3913 re
1424 3855 1561 3932 quia
1589 3859 1691 3931 sps
1716 3857 1887 3916 uobis

581 3945 741 4023 quod
768 3945 1030 4006 sodomis
1057 3957 1115 4006 et
1142 3965 1222 4024 go

580 4058 805 4099 morrae
834 4039 1185 4101 tolerabilius

580 4135 686 4192 erit
714 4135 773 4192 in
802 4133 896 4193 die
924 4133 1020 4194 illa
1048 4153 1224 4214 quam

582 4227 800 4286 ciuitati
827 4227 924 4286 illa
941 4259 957 4274 ·
986 4226 1159 4288 ¹⁸Uae
1177 4230 1281 4288 tibi

581 4323 848 4380 corazain
861 4353 875 4368 ·
895 4340 1003 4380 uae
1022 4323 1123 4382 tibi
1141 4324 1279 4384 beth

577 4414 742 4474 saida
758 4445 773 4460 ·
817 4415 957 4493 quia
977 4415 1024 4474 si
1048 4417 1108 4474 in
1125 4426 1254 4494 tyro

574 4516 632 4566 et
658 4507 863 4569 sidone
891 4507 1079 4569 factae
1107 4509 1219 4569 fuis

577 4612 707 4660 sent
723 4602 965 4662 uirtutes
982 4621 1098 4681 que
1116 4605 1178 4662 in
1200 4623 1279 4664 uo

1105 4698 1196 4757 bis

1335 3949 1571 4006 subiecti
1598 3959 1732 4008 sunt
1756 3980 1771 3994 ·
1833 3947 1965 4009 Gau

1333 4041 1467 4101 dete
1496 4053 1692 4102 autem
1720 4043 1880 4121 quod

1332 4136 1573 4195 nomina
1598 4146 1791 4196 uestra

1331 4230 1543 4306 scripta
1573 4240 1708 4290 sunt
1734 4231 1795 4289 in
1823 4230 1953 4291 celo
1975 4261 1989 4277 ·

1329 4319 1371 4354 ²¹
1392 4323 1465 4380 In
1493 4325 1619 4400 ipsa
1646 4324 1791 4384 hora
1818 4326 2015 4386 exulta

1328 4417 1413 4476 uit
1438 4419 1499 4476 in
1528 4423 1640 4494 spu
1666 4419 1755 4478 ihs
1782 4429 1840 4480 et

1330 4510 1475 4570 dixit
1496 4543 1511 4560 ·
1584 4512 1892 4573 Confiteor

1328 4605 1431 4663 tibi
1459 4615 1625 4683 pater
1650 4605 1765 4666 dne

2146 2641 2282 2690 runt
2304 2649 2454 2709 quae
2481 2632 2690 2692 uidetis
2712 2664 2727 2681 ·

2895 2626 2938 2662 ⁸¹
2959 2629 3220 2690 Fortuito
3248 2631 3524 2693 sacerdos

2144 2724 2346 2785 “Dico
2356 2726 2862 2805 enimuobisquod
2895 2724 3136 2801 quidam
3164 2724 3456 2787 descende

2144 2819 2312 2877 multi
2341 2820 2598 2896 profetae
2666 2831 2726 2881 et
2755 2823 2845 2884 ius

2145 2912 2188 2972 ti
2218 2913 2524 2974 uoluerunt
2548 2915 2742 2976 uidere

2144 3025 2297 3084 quae
2322 3026 2436 3067 uos
2460 3009 2670 3068 uidetis
2739 3019 2799 3070 ct

2144 3118 2268 3159 non
2295 3101 2563 3160 uiderunt
2583 3133 2597 3150 ·
2657 3103 2736 3162 Et

2142 3195 2343 3254 audire
2371 3213 2521 3273 quae
2548 3214 2660 3256 uos
2688 3215 2764 3256 au

2143 3287 2276 3346 ditis
2303 3299 2360 3348 et
2389 3308 2511 3348 non
2539 3291 2708 3350 audie

2140 3393 2273 3441 runt
2293 3414 2306 3428 ·
2329 3387 2367 3446 †
2392 3411 2405 3424 ·
2437 3381 2577 3443 ”Et
2606 3403 2747 3446 ecce

2140 3477 2379 3556 quidam
2408 3477 2550 3555 legis
2579 3480 2700 3557 peri

2140 3579 2232 3628 tus
2261 3573 2506 3632 surrexit
2531 3583 2652 3632 tem

2140 3674 2272 3724 tans
2301 3665 2460 3725 illum
2489 3677 2548 3727 et
2575 3667 2779 3726 dicens
2803 3699 2818 3714 ·

2140 3759 2416 3836 magister
2443 3762 2582 3839 quid
2613 3760 2672 3820 fa

2140 3853 2351 3913 ciendo
2379 3855 2558 3913 uitam
2587 3866 2745 3914 aeter

2138 3965 2278 4005 nam
2306 3948 2623 4024 possidebo
2643 3980 2704 3998 ·-

2137 4039 2180 4075 ²⁸
2199 4043 2278 4101 At
2299 4042 2391 4101 ille
2414 4043 2556 4103 dixit
2575 4043 2650 4104 ad
2667 4062 2804 4104 eum
2824 4075 2838 4091 ·

2138 4136 2202 4194 in
2228 4136 2358 4212 lege
2386 4137 2526 4216 quid
2548 4138 2700 4196 scrib

2136 4238 2260 4289 turn
2289 4241 2376 4289 est
2436 4232 2742 4309 quomodo

2136 4325 2283 4400 legis
2303 4356 2318 4370 ·
2360 4322 2407 4358 ²⁷
2422 4326 2503 4384 At
2530 4325 2621 4385 ille
2643 4344 2734 4386 res

2134 4419 2406 4497 pondens
2433 4418 2579 4478 dixit
2601 4452 2616 4467 ·
2675 4420 2754 4480 Di

2134 4513 2278 4589 liges
2300 4512 2442 4571 dfim
2472 4513 2573 4572 dffi
2603 4521 2706 4574 tufi

2131 4607 2193 4665 in
2223 4617 2349 4666 toto
2377 4607 2554 4667 corde
2581 4618 2683 4668 tuo

2894 2817 2997 2876 bat
3021 2817 3230 2877 eadem
3257 2819 3354 2878 uia
3436 2828 3497 2881 et

2895 2912 3027 2971 uiso
3053 2911 3152 2971 illo
3181 2913 3468 2990 praeteriit
3489 2945 3505 2960 ·

2894 3003 2940 3038 ⁸²
2958 3005 3229 3065 Similiter
3255 3019 3314 3066 et
3341 3008 3512 3069 leuita

2896 3118 3033 3159 cum
3059 3111 3214 3160 esset
3243 3119 3414 3162 secus

2895 3193 3094 3253 locum
3120 3196 3365 3256 ueniens

2894 3297 2952 3348 et
2972 3289 3179 3349 uidens
3207 3307 3343 3349 eum
3370 3310 3474 3368 per

2891 3384 3114 3441 transiit
3137 3413 3152 3430 ·
3174 3414 3188 3430 ·
3210 3415 3224 3430 ·
3271 3383 3314 3417 ⁸⁸
3337 3383 3516 3444 Sama

2890 3477 3109 3536 ritanus
3138 3487 3331 3537 autem
3359 3480 3460 3556 qui

2889 3569 3026 3628 dam
3109 3571 3216 3630 iter
3241 3571 3461 3632 faciens

2889 3666 3050 3724 uenit
3077 3683 3247 3725 secus
3275 3684 3414 3726 eum
3439 3699 3452 3714 -

2891 3769 2948 3819 et
2975 3758 3183 3819 uidens
3211 3761 3408 3820 miseri

2889 3853 3090 3913 cordia
3117 3865 3314 3914 motus
3343 3866 3432 3915 est
3454 3887 3471 3903 ·

2887 3947 3012 4007 “Et
3029 3949 3316 4008 accedens
3335 3949 3591 4027 alligauit

2886 4043 3128 4102 uulnera
3160 4031 3283 4102 eius
3365 4046 3426 4103 in

2888 4136 3138 4196 fundens
3166 4138 3362 4198 oleum
3389 4149 3448 4199 et

2884 4232 3090 4290 uinum
3151 4231 3231 4291 Et
3256 4232 3402 4310 inpo

2887 4343 3035 4384 nens
3063 4325 3222 4384 illum
3253 4327 3312 4386 in
3343 4327 3402 4386 iu

2886 4429 3148 4478 mentum
3175 4437 3346 4480 suum
3377 4453 3392 4468 ·
3449 4421 3529 4482 Et

2885 4514 3048 4572 duxit
3075 4513 3151 4572 ad
3179 4515 3469 4574 stabulum
3491 4549 3504 4562 ·

2885 4607 2963 4666 Et
2989 4625 3192 4667 curam
3219 4609 3344 4670 eius
3372 4611 3491 4687 egit

3215 4723 3254 4765 N
