4373 5048
867 464 1051 530 xlviii

1852 465 1966 528 IN
1968 465 2085 526 TR
2095 463 2339 526 ODUC
2348 463 2443 524 TI
2448 463 2585 525 ΟΝ.

867 637 1109 698 Selected
1126 639 1394 716 readings
1417 637 1540 697 and
1553 639 1883 716 renderings
1897 639 1960 697 in
1980 637 2171 698 which
2272 635 2516 696 Selected
2529 635 2798 712 readings
2816 634 2941 694 and
2950 634 3279 712 rmdmbrgs
3306 636 3367 693 in
3387 632 3575 692 wht'ck

1111 737 1142 797 f
1159 756 1202 816 q
1227 737 1576 817 dffrfrom
1603 736 1733 797 each
1760 738 1930 798 other.

869 892 1044 954 Mark
1071 895 1126 954 ii.

919 1009 944 1049 1
955 995 1007 1050 6.
1048 993 1452 1069 peccatoribus
1469 1003 1529 1052 et
1545 991 1871 1070 puplicanis
1887 991 2016 1072 (pr.
2033 988 2171 1073 loco)

1274 1091 1660 1168 abqum.

1194 1189 1519 1267 publicanis
1547 1199 1604 1250 et
1630 1191 2113 1269 peccatoribussi

1052 1289 1177 1347 add.
1205 1289 1482 1366 magister
1507 1290 1770 1368 uesterf
1780 1288 1914 1349 Am.

1191 1406 1295 1448 om.
1323 1408 1362 1447 a
1390 1388 1423 1447 b
1450 1389 1494 1446 d
1515 1407 1542 1446 e
1567 1407 1618 1464 q.

920 1605 1007 1666 ¹7·
1052 1607 1186 1651 cum
1217 1589 1472 1650 audisset
1498 1610 1536 1650 a
1563 1591 1596 1650 b
1624 1610 1651 1649 e
1678 1611 1728 1667 q.

1195 1689 1311 1748 hoc
1332 1689 1595 1767 auditos
1595 1688 1649 1747 A
1659 1709 1729 1749 m.
1753 1686 1822 1768 (d
1836 1688 1950 1750 hoc
1970 1687 2171 1768 audit).

1053 1805 1177 1846 non
1205 1796 1383 1864 egent
1408 1785 1586 1847 fortes
1612 1788 1645 1847 b
1673 1807 1723 1864 q.

1195 1903 1320 1946 non
1348 1895 1522 1963 egent
1554 1886 1678 1946 sani
1705 1905 1759 1944 a.
1817 1872 1825 1882 ’

1197 2001 1320 2043 non
1349 2002 1500 2062 opus
1528 1984 1748 2044 habent
1775 1984 1898 2044 sani
1901 1985 1975 2063 f.

1197 2100 1322 2140 non
1348 2100 1587 2142 necesse
1615 2081 1836 2143 habent
1861 2083 1986 2144 sani
2017 2083 2148 2144 Am.

1197 2197 1320 2240 non
1346 2191 1435 2240 est
1461 2200 1612 2259 opus
1642 2183 1801 2242 sanis
1826 2202 1868 2241 e.

1195 2296 1319 2338 non
1338 2279 1671 2340 desiderant
1690 2281 1788 2358 qui
1810 2279 1938 2341 sani
1959 2291 2094 2340 sunt
2115 2282 2166 2338 d.

922 2378 1010 2434 18.
1055 2376 1295 2436 ueniunt
1325 2421 1338 2436 .
1367 2421 1380 2436 .
1409 2378 1612 2438 dicunt
1639 2379 1671 2438 b
1699 2379 1742 2437 d
1763 2382 1850 2455 iq
1869 2379 2004 2438 Am.

1197 2487 1483 2537 uenerunt
1511 2519 1523 2536 .
1556 2523 1566 2537 .
1597 2477 1864 2539 dixerunt
1889 2499 1927 2538 a
1954 2498 1982 2536 e
1985 2479 2054 2557 f.

920 3202 1011 3242 20.
1052 3182 1149 3242 illa
1176 3182 1271 3243 die
1298 3183 1343 3241 d
1365 3185 1448 3260 iq
1477 3182 1610 3243 Am.

1195 3280 1302 3341 illis
1329 3280 1532 3342 diebus
1561 3302 1599 3342 a
1626 3282 1659 3342 b
1686 3302 1714 3341 e
1716 3284 1785 3361 fl

919 3400 1009 3439 21.
1052 3378 1460 3441 adsumentum
1487 3381 1532 3439 d
1553 3383 1583 3438 ι’
1600 3400 1636 3457 q
1663 3381 1797 3441 Am.

1199 3480 1593 3538 insumentum
1622 3499 1676 3539 a.

1199 3574 1653 3636 additamentum
1656 3577 1726 3656 f

1197 3674 1642 3734 commissuram
1672 3675 1718 3734 b.

1195 3772 1568 3833 iniectionem
1593 3795 1633 3832 e.

1055 3870 1312 3949 alioquin
1340 3889 1379 3928 a
1406 3870 1438 3929 b
1465 3871 1510 3929 d
1528 3874 1559 3930 i
1577 3892 1613 3949 q
1641 3871 1774 3930 Am.

1198 3988 1275 4029 ne
1280 3970 1349 4047 fl

919 4086 1012 4127 22.
1041 4066 1308 4145 'alioquin
1342 4066 1648 4145 disrumpit
1689 4069 1895 4127 uinum
1927 4078 2084 4128 utres
2114 4065 2182 4149 (d

1279 4163 1552 4248 Qqu

1199 4264 1457 4343 alioquin
1486 4264 1774 4342 dirumpet
1801 4274 1959 4324 utres
1987 4263 2034 4323 b.

2516 733 2548 792 f
2566 750 2608 811 q
2622 753 2723 792 are
2741 735 2948 811 agreed
2968 736 3203 812 agath-tt
3216 733 3371 795 other
3384 732 3575 794 Euro-

2508 841 2656 908 pean
2684 839 2849 890 texts.

2323 931 2413 987 16.
2454 928 2720 988 uidentes
2724 929 2795 1007 f
2803 948 2840 1005 q
2868 928 3003 988 Am.

2598 1044 2737 1087 cum
2764 1027 3043 1088 uidissent
3068 1047 3123 1087 a.

2600 1133 2657 1183 et
2677 1123 2943 1184 uiderunt
2968 1125 3001 1186 ὂ
3028 1126 3087 1184 d.

2457 1222 2775 1283 manducat
2800 1232 2859 1282 et
2884 1223 3046 1283 bibet
3052 1224 3122 1301 s
3135 1241 3171 1300 q
3199 1223 3331 1282 Am.

2600 1320 2917 1382 manducat
2943 1324 2976 1381 b
3004 1321 3047 1379 d
3067 1341 3108 1380 e.

2599 1419 2719 1479 edit
2745 1438 2799 1479 a.

2325 2563 2347 2601 1
2360 2563 2412 2620 9.
2454 2542 2605 2621 fier
2645 2542 2915 2616 ieiunare,
2954 2543 3075 2604 add
3108 2556 3392 2623 quantum
3434 2554 3579 2605 tem·

2682 2642 2843 2719 poris
2860 2660 3061 2703 secum
3079 2642 3382 2703 habuerint
3400 2661 3578 2722 spon-

2684 2757 2816 2800 sum
2843 2758 2967 2800 non
2990 2751 3237 2818 possunt
3252 2741 3509 2801 ieiunare
3526 2760 3577 2818 q.

2605 2848 2825 2916 quanto
2848 2849 3111 2917 tempore
3140 2857 3341 2899 secum
3361 2838 3579 2898 habent

2688 2935 2934 3015 (habent
2974 2954 3174 2997 secum
3202 2934 3361 3017 Am.)
3398 2955 3577 3016 spon·-

2685 3052 2817 3095 sum
2846 3052 2901 3093 n.
2930 3054 2987 3112 p.
3016 3036 3085 3095 ie.
3089 3035 3160 3113 f
3171 3036 3305 3095 Am.

2599 3152 2699 3193 om.
2728 3132 2904 3192 whole
2928 3134 3111 3195 clause
3136 3154 3175 3195 a
3200 3134 3233 3195 b
3260 3134 3305 3192 d
3324 3155 3352 3192 e
3379 3137 3415 3193 i.

2324 3396 2412 3436 21.
2458 3374 2642 3439 aufert
2670 3396 2723 3453 q,
2752 3374 2972 3436 auferat
2983 3376 3054 3454 fi
3086 3376 3304 3438 auferet
3331 3378 3375 3437 d
3396 3380 3426 3438 i
3445 3378 3578 3438 Am.

2600 3474 2750 3535 tollit
2775 3494 2813 3533 a
2840 3474 2872 3533 b
2899 3495 2940 3534 e.

2325 4088 2354 4129 2
2365 4088 2415 4129 2.
2457 4072 2609 4148 after
2628 4080 2785 4131 utres
2804 4080 3031 4131 ueteres
3050 4070 3171 4130 add
3179 4068 3283 4131 sed
3304 4069 3365 4129 in
3385 4087 3579 4131 nouos

2684 4188 2721 4229 a
2750 4169 2797 4229 b.

2606 4286 2707 4327 om.
2737 4267 2841 4328 sed
2870 4268 2929 4327 in
2958 4284 3151 4329 nouos
3172 4268 3214 4327 d
3234 4288 3261 4327 e
3264 4265 3333 4347 s
3347 4270 3422 4345 iq
3442 4268 3577 4328 Am.
