4373 5048
754 390 842 451 40
2068 350 2329 425 SCDZ'J'·
3317 368 3559 435 [xxvn.
3585 370 3780 436 38-66.

2288 530 2369 567 *⁸⁴
2387 531 2664 593 Centurio
2693 542 2890 592 autem
2909 564 2923 580 ·
3805 534 3939 583 ποι.
3955 534 4062 585 79.

2289 625 2382 687 *et
2409 628 2508 705 qui
2538 645 2674 687 cum
2701 644 2776 686 eo

1513 553 1665 597 uoce
1690 552 1911 612 magna
1938 533 1999 593 di

1514 647 1657 690 cens
1676 660 1691 677 ·
1735 628 1849 688 heli
1872 660 1887 675 ·
1930 626 2047 687 heli
2067 658 2083 675 ·

752 546 957 608 Unum
983 544 1061 605 ad
1076 540 1298 604 dextris

750 651 810 702 et
838 658 1021 700 unum
1050 639 1127 698 ad
1154 638 1299 696 sinis

413 550 542 603 rol.
556 550 648 603 78.
3075 534 3292 594 excidit
3319 535 3380 593 in
3407 546 3569 612 petra
3592 565 3608 580 ·

3075 638 3136 687 et
3163 628 3421 688 aduoluit
3447 628 3568 705 lapi

750 736 855 795 tris
878 766 893 783 ·
957 734 1003 768 ⁸⁹
1020 732 1249 792 Transe

752 838 927 890 untes
954 837 1153 888 autem
1176 856 1192 873 ·

751 922 1181 983 blasfemabant

755 1034 894 1077 eum
921 1024 1231 1076 mouentes

753 1112 950 1188 capita
977 1128 1083 1170 sua
1138 1108 1185 1142 ⁴⁰
1202 1116 1260 1167 et
1290 1104 1351 1164 di

755 1217 960 1268 centes
982 1236 997 1251 ·
1041 1222 1118 1263 ua
1141 1231 1156 1249 ·
1199 1202 1299 1278 qui

754 1300 1087 1362 destruebat
1113 1308 1236 1356 tem

754 1397 922 1475 plum
950 1394 1009 1454 di
1036 1403 1093 1453 et
1119 1392 1181 1449 in
1208 1390 1281 1449 tri

758 1493 877 1554 duo
902 1487 1041 1549 illud
1067 1502 1203 1545 raee

758 1584 1033 1645 dificabat
1055 1612 1070 1628 ·
1112 1579 1225 1638 libe

759 1697 825 1739 ra
852 1688 911 1738 te
939 1676 989 1736 si
1015 1674 1165 1735 filius
1192 1690 1259 1733 es

761 1772 825 1832 di·
846 1804 861 1819 ·
904 1767 1199 1830 descende

761 1868 837 1928 de
865 1882 1037 1926 cruce
1062 1894 1078 1910 ·
1140 1860 1185 1895 ⁴¹
1206 1857 1354 1919 Simi

760 1961 889 2021 liter
914 1969 973 2017 et
1000 1954 1189 2034 princi

761 2072 872 2133 pes
898 2049 1205 2111 sacerdotii

762 2146 1102 2210 deludentes
1128 2146 1204 2201 eii

764 2260 905 2303 cum
932 2236 1135 2299 scribis
1162 2244 1223 2296 et

764 2334 984 2397 fariseis
1011 2332 1141 2391 dice

765 2432 913 2492 bant
934 2459 949 2476 ·
1012 2424 1058 2461 ‘¹
1072 2424 1238 2485 Alios
1266 2418 1353 2483 sal

766 2581 877 2625 uos
904 2559 1038 2620 fecit
1060 2589 1075 2604 ·
1118 2555 1243 2632 seip

766 2675 901 2720 sum
926 2671 1049 2714 non
1074 2656 1266 2728 potest

768 2751 991 2812 saluum
1016 2746 1207 2806 facere
1232 2773 1247 2790 ·

771 2846 835 2907 Si
862 2861 965 2905 rex
994 2848 1083 2900 est
1108 2837 1179 2898 isi
1204 2835 1421 2895 descen

769 2941 872 3001 dat
900 2953 1055 2997 nunc
1084 2933 1161 2993 de
1188 2947 1361 2990 cruce

770 3044 830 3095 et
856 3029 1145 3092 credimus
1173 3023 1287 3082 illi·

771 3127 817 3163 ⁴⁸
839 3122 1097 3187 Confidit
1122 3121 1185 3179 in
1212 3117 1292 3176 (Ῑό
1318 3115 1359 3175 li

771 3223 936 3282 beret
960 3233 1117 3276 nunc
1144 3229 1281 3272 eum

774 3314 824 3376 si
850 3313 976 3372 uult
1002 3326 1139 3371 eum
1163 3336 1178 3352 ·
1222 3302 1368 3363 dixit

772 3409 933 3471 enim
960 3403 1097 3482 quia
1124 3398 1273 3460 filius

772 3505 833 3564 di
861 3518 991 3562 sum
1015 3529 1030 3546 ·
1055 3529 1069 3544 ·
1108 3496 1154 3528 ⁴⁴
1169 3491 1240 3551 Id
1270 3491 1451 3566 ipsu-

772 3606 972 3659 autem
1000 3601 1057 3652 et
1083 3589 1337 3649 latrones

773 3691 877 3770 qui
902 3695 1068 3749 erant
1097 3697 1233 3742 cum
1258 3697 1333 3738 eo

773 3779 1226 3862 inproperabant
1254 3773 1312 3832 ei
1333 3803 1346 3817 ·
1373 3801 1386 3816 ·

772 3881 882 3940 “A
899 3885 1063 3937 sexta
1082 3879 1277 3931 autem
1294 3865 1438 3924 hora
1456 3891 1472 3909 ·

772 3972 1007 4036 tenebre
1034 3967 1221 4026 factae
1248 3969 1385 4021 sunt

774 4084 948 4144 super
972 4063 1291 4121 uniuersa·-

772 4172 988 4224 terram
1004 4187 1019 4203 ·
1063 4167 1283 4229 usquae

775 4255 851 4316 ad
880 4253 1090 4312 horam
1118 4251 1326 4305 nona*
1347 4269 1362 4286 ·

772 4352 818 4385 ⁴⁸
834 4349 1007 4410 Circa
1023 4351 1221 4402 autem
1243 4342 1448 4394 nona-

773 4444 981 4504 horam
1008 4431 1281 4500 clamauit
1304 4427 1397 4488 ihs
1425 4455 1441 4474 ·

1511 723 1651 783 lima
1678 722 1961 783 sibactani
1980 752 1995 767 ·

1514 816 1653 878 Hoc
1676 826 1766 876 est
1785 816 1855 875 d‘s
1877 814 1946 874 ds
1974 832 2142 874 meus
2159 843 2174 860 ·

1514 920 1579 970 ut
1605 909 1747 986 quid
1774 926 1871 967 me
1900 908 2039 968 dere

1512 1002 1727 1080 liquisti
1744 1034 1759 1049 ·
1817 1000 2070 1075 ‘’Quida

1516 1108 1713 1156 autem
1740 1095 1853 1155 illic
1882 1106 2015 1157 stan

1515 1201 1604 1251 tes
1630 1190 1905 1250 dicebant
1923 1219 1938 1235 ·

1514 1285 1655 1363 quia
1680 1283 1893 1343 heliam
1918 1291 2096 1342 uocat

1512 1380 1620 1437 iste
1642 1408 1657 1424 ·
1721 1378 1766 1411 ⁴⁸
1783 1386 1841 1435 et
1870 1376 2149 1435 continuo

1514 1471 1831 1531 adcurrens
1856 1486 2011 1529 unus

1514 1584 1587 1625 ex
1616 1564 1701 1623 eis
1770 1572 2017 1639 accepta

1516 1658 1767 1735 spungia
1795 1656 1973 1733 imple

1515 1753 1599 1810 uit
1626 1760 1795 1810 aceto
1818 1780 1833 1796 ·
1876 1759 1935 1807 et
1962 1750 2105 1825 inpo

1518 1845 1628 1905 suit
1655 1842 1965 1902 harundini

1515 1949 1575 1999 et
1599 1937 1777 1997 dabat
1802 1938 1857 1996 ei
1885 1936 2083 1994 bibere
2102 1966 2118 1981 ·

1514 2032 1562 2067 ⁴⁹
1581 2031 1775 2092 Ceteri
1802 2047 1944 2089 uero
1971 2029 2137 2088 dixse

1516 2134 1651 2185 runt
1670 2155 1683 2171 ·
1728 2124 1855 2185 sine
1881 2122 2015 2181 uide

1517 2237 1683 2279 amus
1712 2218 1758 2279 si
1784 2216 1947 2278 uenit

1514 2312 1696 2371 helias
1723 2322 1781 2371 et
1808 2311 1987 2369 libera

1514 2406 1600 2466 uit
1624 2423 1761 2465 eum
1782 2436 1797 2452 ·
1854 2402 1900 2437 ⁶⁰
1916 2404 2018 2464 lhs
2045 2408 2178 2464 aute

1517 2538 1727 2598 iterum
1754 2536 2021 2596 clamans

1517 2649 1666 2690 uoce
1695 2647 1914 2707 magna
1940 2627 2058 2688 emi

1520 2726 1594 2786 sit
1620 2729 1754 2802 ssim
1778 2755 1793 2770 ·
1855 2723 1899 2756 ⁸¹
1916 2722 1995 2782 Et
2021 2738 2162 2782 ecce

1520 2819 1718 2879 uelum
1744 2816 1946 2894 templi
1976 2815 2093 2875 scis

1522 2930 1653 2972 sum
1681 2920 1770 2971 est
1796 2912 1857 2970 in
1885 2910 2112 2969 duabus

1523 3015 1717 3085 partes
1735 3036 1750 3052 ·
1802 3023 1838 3063 a
1868 3020 2101 3063 summo

1523 3118 1706 3177 usque
1733 3098 2007 3158 deorsum
2030 3127 2045 3144 ·

1523 3193 1603 3252 Et
1630 3203 1781 3252 terra
1808 3201 1971 3250 mota
1996 3199 2085 3250 est
2106 3221 2121 3236 ·

1525 3296 1585 3347 et
1613 3294 1808 3363 petrae
1836 3283 1969 3342 fisse
2003 3292 2139 3342 sunt
2160 3313 2175 3330 ·

1526 3377 1572 3414 θ’
1588 3389 1645 3438 et
1672 3384 2058 3436 monumenta

1526 3482 1726 3549 aperta
1754 3479 1889 3530 sunt
1910 3499 1925 3515 ·

1526 3565 1604 3625 Et
1634 3564 1815 3624 multa
1841 3579 2091 3641 corpora

1526 3667 1759 3720 scotum
1788 3657 2057 3717 dormien

1524 3755 1670 3814 tium
1696 3769 1958 3812 resurrex

1522 3869 1691 3920 erunt
1714 3889 1729 3904 ·
1770 3857 1815 3892 ⁸³
1837 3857 1913 3916 Et
1939 3873 2130 3916 exeun

1522 3963 1612 4014 tes
1640 3953 1714 4012 de
1745 3967 2069 4010 monumen

1524 4049 1597 4107 tis
1619 4079 1633 4093 ·
1678 4055 1813 4123 post
1841 4059 2097 4104 resurrec

1523 4142 1746 4201 tionem
1773 4138 1950 4215 ipsius
1969 4167 1984 4182 ·
2028 4135 2090 4194 in

1524 4235 1803 4293 troierunt
1828 4231 1889 4288 in
1918 4235 2082 4288 scam

1526 4327 1819 4386 ciuitatem
1843 4355 1857 4370 ·
1900 4332 1959 4380 et
1987 4338 2143 4398 appa

1524 4427 1762 4480 ruerunt
1788 4415 1982 4476 multis
2004 4446 2017 4462 ·
2040 4447 2125 4461 —

2290 720 2491 782 *erant
2519 721 2748 781 custodi

2291 815 2488 876 *entes
2515 816 2639 875 ihm
2661 847 2676 862 ·
2718 815 2780 875 ui

2289 910 2392 970 *su
2417 920 2566 969 terre
2595 919 2761 967 motu

2323 1014 2382 1065 et
2409 1003 2499 1062 his
2525 1020 2674 1081 quae
2703 1002 2922 1061 fiebant
2941 1032 2957 1049 ·

2323 1098 2637 1157 timuerunt
2662 1095 2758 1154 ual

2325 1192 2398 1251 de
2474 1189 2732 1250 dicentes
2753 1220 2766 1235 ·
2789 1206 2863 1249 ue

2324 1305 2387 1345 re
2415 1284 2476 1343 di
2504 1284 2652 1343 filius
2679 1292 2802 1342 erat

2325 1377 2431 1440 iste
2455 1409 2469 1424 ·
2495 1409 2510 1424 ·
2555 1377 2600 1409 ⁶⁸
2615 1375 2802 1435 Erant

2323 1482 2518 1532 autem
2545 1471 2622 1529 ibi
2651 1469 2825 1529 mulie

2322 1585 2415 1627 res
2441 1564 2621 1625 multe
2649 1583 2686 1624 a
2713 1564 2815 1623 lon

2321 1680 2396 1739 ge
2423 1659 2687 1719 uidentes
2709 1690 2724 1706 ·

2323 1772 2474 1832 quae
2501 1762 2733 1813 secutae
2759 1770 2794 1811 e

2321 1857 2453 1907 rant
2480 1848 2603 1906 ihm
2631 1866 2668 1906 a
2693 1845 2812 1923 gali

2321 1942 2413 2003 lea
2440 1942 2740 2001 ministran

2322 2047 2410 2096 tes
2437 2036 2528 2095 ei·
2592 2036 2637 2069 ⁸⁸
2653 2034 2798 2094 inter
2826 2043 2966 2111 qu⁸s

2321 2139 2445 2189 erat
2471 2128 2653 2188 maria
2680 2145 2820 2204 mag

2322 2224 2532 2284 dalena
2554 2254 2569 2269 ·
2613 2232 2670 2282 et
2698 2222 2880 2279 maria

2321 2317 2552 2379 iacobi·
2593 2326 2653 2375 et
2678 2314 2884 2392 ioseph

2325 2551 2502 2601 mvter
2534 2550 2592 2600 et
2623 2549 2810 2598 mater

2325 2635 2568 2696 filiorum
2597 2633 2828 2692 zebedei
2847 2662 2862 2678 ·

2324 2729 2368 2763 ⁸⁷
2387 2729 2540 2790 Cum
2569 2745 2700 2788 sero
2727 2736 2924 2786 autem

2325 2823 2543 2883 factum
2571 2831 2722 2880 esset
2745 2851 2806 2868 .-

2327 2917 2486 2979 uenit
2512 2915 2752 2993 quidam
2779 2913 2859 2973 ho

2330 3030 2430 3072 mo
2459 3011 2622 3070 diues
2649 3011 2726 3068 ab
2754 3009 2890 3067 ari‘·

2328 3107 2506 3166 matia
2533 3105 2772 3163 nomine

2329 3199 2534 3276 ioseph
2553 3229 2568 3244 ·
2611 3198 2710 3274 qui
2737 3205 2796 3256 et

2328 3294 2456 3371 ipse
2483 3290 2798 3369 discipulus

2329 3397 2454 3448 erat
2479 3386 2579 3445 ihu
2598 3415 2613 3432 ·
2671 3383 2716 3417 ⁸⁸
2735 3382 2852 3442 Hic

2331 3481 2575 3542 accessit
2597 3479 2675 3538 ad
2703 3477 2934 3555 pilatu-

2329 3585 2388 3634 et
2413 3575 2557 3652 petit
2583 3589 2795 3649 corpus
2823 3570 2921 3629 ihu
2939 3600 2954 3616 ·

2330 3668 2506 3728 Tunc
2533 3665 2743 3742 pilatus
2771 3664 2859 3723 ius

2330 3763 2403 3821 sit
2429 3760 2594 3820 reddi
2622 3775 2838 3836 corpus
2857 3787 2872 3804 ·

2329 3855 2374 3890 ⁸⁹
2391 3855 2471 3914 Et
2497 3863 2742 3930 accepto
2769 3866 3015 3928 corpore

2329 3949 2536 4026 ioseph
2603 3946 2846 4006 inuoluit

2329 4043 2469 4103 illud
2497 4043 2556 4100 in
2588 4039 2834 4100 sindone

2331 4135 2554 4196 mundo
2578 4165 2593 4182 ·
2656 4133 2702 4167 ⁸⁰
2719 4143 2775 4193 et
2803 4131 2998 4208 posuit

2329 4249 2466 4291 eum
2493 4230 2552 4288 in
2581 4243 2902 4287 monumen

2328 4335 2392 4387 to
2419 4343 2528 4386 suo
2557 4339 2718 4382 nouo
2746 4320 2910 4398 quod

3075 722 3212 781 dem
3240 740 3526 799 magnum
3554 720 3630 782 ad

3075 816 3291 875 ostium
3318 834 3640 876 monumen

3075 909 3118 969 ti
3145 919 3203 968 et
3231 910 3370 969 abiit
3392 941 3408 956 ·
3467 910 3510 943 ⁸¹
3526 919 3649 969 erat

3077 1013 3272 1063 autem
3299 1004 3378 1062 ibi
3405 1004 3590 1061 maria

3077 1095 3428 1174 magdalena
3450 1127 3466 1143 ·
3508 1105 3566 1156 et
3593 1094 3648 1155 al

3076 1200 3198 1249 tera
3225 1192 3409 1250 maria
3437 1208 3502 1249 se

3075 1283 3280 1343 dentes
3308 1294 3514 1344 contra

3077 1377 3447 1455 sepulchrum
3469 1409 3484 1424 ·

3076 1473 3120 1506 ⁸²
3138 1471 3337 1531 Altera
3365 1482 3558 1531 autem
3587 1470 3681 1531 die

3076 1583 3226 1643 quae
3253 1575 3341 1624 est
3369 1574 3504 1643 post
3529 1584 3608 1642 pa

3073 1676 3313 1719 rasceue
3331 1690 3348 1705 ·
3392 1657 3601 1719 Conue

3075 1764 3286 1811 nerunt
3310 1752 3597 1829 principes

3074 1846 3441 1907 sacerdotum
3463 1878 3478 1891 ·
3524 1856 3584 1904 et

3073 1940 3263 2000 farisei
3291 1940 3366 1999 ad
3395 1939 3580 2017 pilatii

3073 2034 3116 2068 ⁰⁸
3133 2033 3392 2094 dicentes
3415 2064 3428 2079 ·
3473 2032 3636 2092 domi

3073 2146 3148 2186 ne
3175 2128 3546 2187 rememorati

3073 2238 3274 2281 sumus
3300 2220 3459 2297 quod
3485 2220 3578 2280 ille

3076 2316 3349 2375 seductor
3375 2314 3522 2373 dixit

3077 2541 3270 2602 adhuc
3300 2541 3505 2600 uiuens
3529 2572 3542 2587 ·
3571 2571 3586 2586 ·

3077 2645 3211 2714 post
3236 2635 3466 2695 tertium
3495 2634 3638 2692 die·-

3078 2747 3378 2806 resurgam
3397 2759 3412 2774 ·
3474 2728 3520 2761 ⁸⁴
3535 2727 3672 2786 iube

3078 2841 3220 2900 ergo
3247 2821 3537 2882 custodire

3080 2915 3448 2993 sepulchrum
3474 2931 3545 2973 us

3080 3028 3231 3087 quae
3256 3011 3318 3068 in
3346 3009 3503 3069 diem
3532 3017 3619 3068 ter

3081 3105 3225 3163 tium
3247 3135 3262 3151 ·
3307 3121 3381 3162 ne
3407 3101 3557 3162 forte

3080 3198 3320 3257 ueniant
3346 3195 3572 3272 discipu

3081 3289 3118 3348 li
3147 3291 3268 3349 eius
3336 3300 3393 3348 et
3421 3287 3587 3348 suren

3081 3395 3172 3443 tur
3197 3400 3334 3441 eum
3359 3391 3418 3441 et
3446 3381 3646 3442 dicant

3081 3476 3234 3553 plebi
3263 3475 3505 3535 surrexit

3081 3588 3118 3630 a
3145 3569 3385 3628 mortuis
3407 3599 3422 3614 ·
3465 3577 3524 3628 et
3549 3585 3584 3628 e

3079 3664 3154 3723 rit
3181 3663 3532 3722 nouissimus

3079 3774 3238 3817 error
3266 3757 3430 3834 peior
3457 3755 3546 3833 pri

3080 3851 3203 3911 ori·
3231 3883 3244 3898 ·
3309 3850 3472 3908 “Ait
3501 3848 3609 3908 illis
3638 3849 3699 3927 pi

3077 3943 3228 4003 latus
3255 3943 3479 4002 habetis
3507 3959 3614 4002 cus

3077 4038 3246 4098 todes
3273 4037 3348 4096 ite
3377 4035 3604 4095 custodi

3079 4141 3136 4190 te
3166 4132 3318 4190 sicut
3343 4131 3498 4189 scitis
3520 4147 3536 4163 ·

3079 4224 3230 4283 “Illi
3259 4233 3454 4283 autem
3483 4233 3686 4283 euntes

3083 4317 3416 4378 munierunt
3441 4317 3606 4393 sepul
