4373 5048
746 264 832 335 50
2044 248 2418 312 SECUND
2441 280 2455 294 ·
3429 258 3544 323 [vt.
3566 272 3759 327 ²7-57·

428 424 554 479 rol.
574 426 697 477 810.
744 422 808 480 in
834 421 1014 480 uitam
1042 426 1339 481 aeternam
1361 452 1377 469 ·
1496 421 1597 497 qui
1624 420 1784 481 uenit
1811 420 1887 479 ad
1916 438 2013 479 me
2301 419 2482 480 Cuius
2509 437 2622 479 nos
2648 428 2876 496 patrem
3059 416 3122 477 Si
3148 420 3279 496 quis
3305 421 3673 481 manducaue
3802 429 3932 481 rol.
3946 430 4086 479 πο.

744 514 944 587 Quam
972 514 1119 574 filius
1146 514 1311 574 homi
1496 533 1619 574 non
1646 515 1849 574 esuriet
1866 546 1879 560 ·
1923 513 2000 572 Et
2027 514 2129 591 qui
2300 516 2574 574 nouimus
2603 524 2660 573 et
2690 531 2787 571 ma
3054 514 3128 571 rit
3155 511 3232 572 de
3259 514 3372 573 isto
3399 533 3552 591 pane
3579 516 3640 574 ui

742 610 837 669 nis
865 609 1025 668 dabit
1051 610 1223 667 uobis
1251 609 1411 669 hunc
1496 609 1679 667 credit
1704 609 1820 667 ime
1848 626 1970 667 non
2301 616 2447 667 trem
2470 638 2484 653 ·
2548 605 2852 683 quomodo
3051 616 3152 665 uet
3178 606 3239 664 in
3267 618 3570 667 aeternum
3593 640 3608 655 ·

742 703 902 763 enim
929 713 1094 780 pater
1121 702 1292 777 signa
1496 702 1644 761 sitiet
1671 718 1953 779 umquam
1975 733 1988 748 ·
2300 718 2446 777 ergo
2475 700 2614 759 dicit
2667 704 2812 775 qum
3052 698 3228 759 Panis
3256 711 3452 760 autem
3480 720 3656 779 quem

741 797 825 856 uit
854 797 923 857 ds
948 828 961 843 ·
988 828 1002 843 ·
1046 792 1398 856 ”Dixerunt
1496 795 1543 829 ⁸⁶
1562 793 1679 854 Sed
1709 794 1826 854 dixi
1848 794 2017 855 uobis
2039 794 2175 873 quia
2299 794 2372 853 de
2401 793 2528 854 celo
2557 792 2832 854 descendi
2856 824 2871 839 ·
3051 810 3166 870 ego
3195 793 3353 853 dabo
3383 813 3521 855 caro
3550 814 3686 857 mea

741 908 885 967 ergo
915 888 990 949 ad
1018 908 1155 949 eum
1177 922 1191 937 ·
1252 891 1393 968 quid
1496 900 1554 949 et
1581 890 1801 949 uidistis
1829 896 1886 947 et
1915 906 2038 947 non
2298 888 2343 921 ⁴⁸
2361 887 2692 963 Respondit
2718 904 2862 963 ergo
2891 886 2981 947 ihs
3049 896 3138 945 est
3162 918 3177 934 ·
3259 906 3439 966 quam
3467 906 3581 964 ego
3611 889 3690 948 da

738 983 1021 1045 faciemus
1047 994 1111 1043 ut
1140 1002 1254 1060 ope
1496 983 1727 1042 creditis
1746 1013 1761 1029 ·
1820 981 1864 1015 ⁸⁷
1875 982 2071 1042 Omne
2299 991 2358 1040 et
2386 980 2529 1040 dixit
2553 980 2664 1040 illis
2687 1012 2702 1027 ·
2762 980 2884 1040 noli
3048 981 3130 1039 bo
3157 998 3267 1057 pro
3295 982 3510 1041 saeculi
3538 984 3658 1043 uita
3677 1015 3692 1029 ·

737 1096 930 1136 remur
958 1095 1140 1154 opera
1166 1078 1227 1137 di
1248 1108 1263 1123 ·
1494 1077 1655 1154 quod
1682 1074 1823 1135 mihi
1852 1076 1949 1135 dat
1976 1094 2056 1153 pa
2298 1084 2355 1133 te
2384 1092 2745 1134 murmurare
2772 1075 2835 1133 in
3047 1070 3092 1105 ⁶¹
3109 1072 3552 1134 Mur-mutabant
3577 1076 3658 1135 ita

738 1172 783 1205 2⁹
804 1170 1133 1248 Respondit
1159 1172 1249 1231 ihs
1278 1181 1335 1230 et
1492 1181 1577 1231 ter
1604 1170 1680 1230 ad
1710 1190 1805 1229 me
1833 1170 2027 1230 ueniet
2048 1202 2061 1217 ·
2295 1177 2382 1227 ter
2409 1186 2520 1228 uos
2543 1200 2556 1215 ·
2597 1168 2646 1202 ⁴⁴
2663 1167 2862 1227 Nemo
2889 1184 2971 1246 po
3048 1183 3200 1242 quae
3234 1168 3424 1227 iudaei
3453 1168 3529 1227 ad
3556 1170 3678 1228 inui

737 1264 883 1323 dixit
908 1266 992 1324 eis
1011 1295 1026 1311 ·
1087 1264 1200 1325 hoc
1230 1273 1317 1325 est
1489 1274 1548 1323 et
1575 1264 1905 1324 uenientem
1934 1263 2011 1323 ad
2296 1272 2409 1322 test
2435 1262 2636 1321 uenire
2664 1262 2739 1321 ad
2768 1280 2863 1320 me
2883 1293 2897 1308 ·
3047 1278 3180 1319 cem
3207 1261 3470 1321 dicentes
3492 1294 3506 1309 -

737 1375 889 1435 opus
916 1358 980 1417 di·
1059 1367 1125 1416 ut
1152 1358 1326 1418 creda
1490 1376 1587 1417 me
1614 1376 1735 1418 non
1763 1358 1981 1435 repello
2296 1356 2407 1415 nisi
2435 1365 2598 1433 pater
2625 1356 2725 1433 qui
2753 1356 2910 1415 misit
3048 1352 3373 1425 Quomodo
3402 1366 3598 1432 potest

736 1452 810 1511 tis
839 1452 900 1510 in
929 1470 1063 1511 eum
1092 1470 1269 1530 quem
1297 1452 1337 1511 il
1491 1452 1646 1511 foras
1670 1484 1684 1498 ·
1750 1452 1793 1485 ⁸⁸
1814 1456 1959 1529 q1‘1m
1986 1450 2089 1512 des
2296 1466 2392 1507 me
2420 1450 2609 1509 trahat
2634 1466 2770 1508 eum
2789 1481 2803 1496 ·
2830 1480 2845 1495 ·
3049 1448 3144 1507 hic
3171 1448 3346 1508 nobis
3373 1466 3612 1509 carnem

734 1544 789 1605 le
817 1546 975 1605 misit
992 1577 1006 1592 ·
1050 1544 1095 1579 ⁸⁰
1112 1546 1398 1607 Dixerunt
1490 1547 1664 1606 cendi
1692 1546 1765 1606 de
1792 1547 1917 1607 celo
1963 1556 2028 1606 ut
2293 1552 2353 1601 et
2371 1561 2484 1618 ego
2511 1544 2861 1603 resuscitabo
3049 1560 3218 1601 suam
3245 1542 3384 1602 dare
3414 1550 3558 1601 ma‘n

734 1640 813 1697 illi
881 1640 1044 1716 quod
1072 1658 1214 1718 ergo
1244 1651 1308 1700 tu
1490 1657 1613 1698 non
1642 1638 1852 1700 faciam
1879 1640 2061 1700 uolun
2293 1636 2456 1696 illum
2484 1637 2544 1695 in
2573 1638 2794 1697 nouissi
3047 1636 3264 1695 ducare
3283 1668 3297 1683 ·
3343 1637 3386 1670 ¹⁵⁸
3405 1636 3571 1697 Dixit

734 1732 877 1793 sacis
906 1735 1140 1809 signum
1211 1744 1277 1793 ut
1488 1741 1668 1792 tatem
1696 1752 1891 1792 meam
1915 1765 1929 1780 ·
2294 1748 2393 1789 ma
2421 1730 2514 1790 die
2537 1762 2551 1778 ·
2577 1763 2590 1777 ·
2641 1732 2686 1764 ‘⁶
2705 1730 2814 1791 Est
2843 1732 2998 1792 scrib
3046 1748 3190 1806 ergo
3219 1730 3328 1789 illis
3355 1731 3446 1789 ihs
3527 1748 3703 1791 amen

732 1827 1037 1886 uideamus
1063 1836 1122 1885 et
1150 1844 1247 1887 cre
1489 1826 1590 1885 sed
1621 1828 1981 1887 uoluntatem
2292 1834 2415 1883 tum
2445 1824 2507 1883 in
2534 1825 2774 1901 profetis
2796 1857 2811 1873 ·
2877 1836 2936 1887 et
3047 1842 3220 1883 amen
3249 1825 3384 1883 dico
3411 1826 3585 1885 uobis

732 1919 941 1979 damus
968 1921 1071 1979 tibi
1099 1920 1239 1997 quid
1266 1938 1306 1981 o
1488 1920 1609 1978 eius
1637 1920 1737 1996 qui
1765 1938 1862 1979 me
1890 1920 2044 1980 misit
2068 1952 2081 1967 ·
2291 1927 2459 1978 erunt
2485 1936 2694 1979 omnes
2723 1920 2802 1979 do
3045 1916 3176 1976 Nisi
3204 1916 3436 1977 ederitis
3464 1924 3639 1979 oerne

731 2014 953 2091 peratis
974 2044 989 2060 ·
1049 2011 1092 2046 ⁸¹
1114 2014 1313 2075 Patres
1486 2011 1711 2073 ”Haec
1730 2023 1818 2073 est
1834 2016 1992 2073 enim
2008 2014 2183 2074 uolun
2291 2011 2490 2071 cibiles
2519 2012 2582 2072 <11
2603 2043 2618 2059 ·
2681 2013 2876 2073 omnis
3047 2010 3126 2069 fili
3153 2010 3409 2071 hominis
3465 2012 3544 2072 Et
3572 2014 3630 2072 bi

730 2107 915 2165 nostri
944 2124 1164 2167 manna
1484 2115 1575 2167 tas
1602 2107 1727 2166 eius
1755 2109 1853 2184 qui
1881 2126 1977 2167 me
2005 2109 2086 2167 mi
2289 2123 2432 2181 ergo
2461 2107 2560 2182 qui
2589 2107 2750 2167 audit
2779 2126 2814 2167 a
2841 2125 2920 2186 pa
3040 2106 3240 2165 beritis
3268 2107 3392 2165 eius
3421 2108 3630 2183 sangui

730 2200 1226 2260 manducauerunt
1487 2201 1559 2259 sit
1578 2230 1593 2246 ·
1652 2211 1715 2260 ut
1743 2218 1921 2260 omne
1949 2201 2097 2279 quod
2289 2208 2373 2259 tre
2403 2209 2461 2259 et
2487 2200 2686 2260 didicit
2711 2218 2788 2260 ue
3043 2216 3181 2257 nem
3205 2231 3219 2246 ·
3281 2218 3405 2260 non
3432 2200 3646 2261 habebi

732 2333 793 2391 in
822 2331 1053 2393 deserto
1110 2334 1257 2393 sicut
1486 2330 1647 2391 dedit
1672 2330 1813 2391 mihi
1842 2349 1962 2392 non
1990 2333 2133 2391 amit
2289 2334 2375 2391 nit
2392 2334 2468 2393 ad
2484 2352 2609 2393 me·
2637 2331 2753 2393 ⁴⁶N
2754 2353 2836 2395 on
2853 2338 2991 2413 quia
3041 2332 3114 2391 tis
3141 2332 3324 2392 uitam
3351 2334 3414 2391 in
3441 2334 3613 2394 uobis
3632 2365 3646 2380 ·

730 2426 1013 2504 scriptum
1030 2437 1120 2487 est
1142 2459 1157 2473 ·
1218 2446 1295 2504 pa
1482 2434 1605 2483 tam
1633 2426 1852 2503 aliquid
1880 2444 1955 2485 ex
1983 2444 2057 2486 eo
2081 2457 2096 2472 ·
2287 2437 2513 2505 patrem
2539 2428 2685 2487 uidit
2711 2430 2842 2506 quis
2863 2460 2879 2477 ·
3038 2425 3214 2499 “Qui
3231 2426 3364 2485 edet
3379 2446 3618 2487 carnem
3635 2441 3830 2491 mea-

728 2539 868 2580 nem
897 2519 972 2579 de
1001 2522 1128 2581 celo
1158 2520 1318 2582 dedit
1485 2517 1601 2579 Sed
1628 2520 1972 2580 resuscitem
1994 2539 2109 2597 ego
2288 2520 2399 2581 nisi
2427 2522 2526 2599 qui
2553 2532 2643 2582 est
2671 2541 2707 2581 a
2738 2524 2816 2583 do
2845 2524 2941 2585 hic
3039 2531 3097 2580 et
3124 2520 3283 2580 bibet
3309 2521 3646 2599 sanguine-

723 2614 836 2673 illis
863 2615 1217 2675 manducare
1242 2648 1255 2662 ·
1481 2613 1641 2672 illum
1670 2615 1731 2673 in
1761 2615 2082 2675 nouissima
2287 2614 2433 2674 uidit
2460 2626 2688 2693 patrem
2709 2647 2724 2662 ·
2746 2651 2828 2662 —
3040 2631 3239 2672 meum
3267 2613 3442 2674 habet
3469 2617 3639 2676 uita*

722 2706 943 2767 ”Dixit
964 2709 1073 2768 illis
1094 2709 1183 2770 ihs
1232 2709 1429 2772 Amen
1482 2707 1577 2766 die
1601 2739 1616 2752 ·
1674 2708 1719 2741 ⁴⁰
1740 2709 1907 2768 Haec
1937 2719 2026 2768 est
2287 2709 2529 2769 “Amen
2551 2729 2727 2770 amen
2751 2712 2886 2772 dico
2907 2732 2988 2777 uo
3040 2717 3298 2767 eternam
3319 2740 3333 2755 ·
3397 2708 3476 2767 Et
3503 2727 3619 2787 ego

724 2819 899 2862 amen
927 2803 1061 2863 dico
1088 2806 1257 2865 uobis
1281 2837 1294 2851 ·
1480 2803 1639 2862 enim
1667 2803 1939 2862 uoluntas
1966 2820 2047 2879 pa
2286 2803 2376 2862 bis
2457 2805 2558 2880 qui
2587 2804 2769 2864 credit
2797 2807 2858 2865 in
3040 2801 3396 2863 resuscitabo
3423 2804 3583 2862 illurn

724 2914 849 2955 non
877 2914 1111 2975 moyses
1138 2897 1299 2957 dedit
1478 2895 1581 2956 tris
1607 2897 1724 2956 mei
1749 2929 1763 2944 ·
1828 2906 1892 2956 ut
1919 2897 2113 2956 omnis
2285 2915 2378 2956 me
2407 2897 2584 2957 habet
2611 2899 2792 2958 uitam
2819 2919 2891 2960 ae
3041 2897 3102 2955 in
3131 2897 3451 2957 nouissima
3478 2898 3570 2958 die
3596 2931 3609 2946 ·

724 2989 834 3047 illis
862 3009 1077 3067 panem
1106 2993 1179 3050 de
1210 2993 1338 3051 celo
1365 3025 1378 3038 ·
1477 2989 1581 3066 qui
1606 2989 1765 3049 uidet
1792 2990 1975 3049 filium
2284 2999 2512 3050 ternam
2531 3023 2544 3038 ·
2605 2993 2650 3026 ⁴⁸
2666 2993 2799 3070 Ego
2829 3005 2948 3054 su*
3038 2990 3085 3022 ⁶⁶
3103 2989 3336 3068 Corpus
3359 2993 3516 3051 enim
3545 3011 3742 3052 meum

728 3081 847 3141 Sed
875 3093 1044 3160 pater
1071 3103 1238 3143 meus
1270 3085 1345 3144 de
1478 3091 1536 3141 et
1564 3084 1745 3143 credit
1770 3085 1833 3143 in
1858 3085 2017 3144 illum
2286 3086 2454 3162 panis
2480 3085 2636 3145 uitae
2659 3117 2672 3132 ·
2735 3087 2781 3121 ⁴’
2796 3099 2987 3166 patres
3035 3102 3176 3143 uera
3204 3095 3293 3145 est
3319 3103 3457 3146 esca
3521 3085 3600 3146 Et

724 3174 811 3235 dit
835 3176 1005 3236 uobis
1032 3195 1250 3254 panem
1479 3175 1693 3235 habeat
1724 3177 1907 3236 uitam
1934 3187 2091 3236 aeter
2283 3180 2459 3238 uestri
2486 3179 2780 3240 manduca
3037 3180 3277 3256 sanguis
3305 3197 3470 3240 meus
3502 3197 3577 3240 ue

725 3269 800 3327 de
832 3271 994 3329 caelo
1020 3288 1226 3329 uerum
1248 3304 1262 3318 ·
1286 3304 1299 3316 ·
1479 3288 1620 3328 nam
1643 3301 1657 3316 ·
1714 3281 1773 3329 et
1800 3272 2015 3330 resusci
2282 3283 2488 3332 uerunt
2515 3292 2734 3334 manna
2761 3275 2822 3333 in
3036 3290 3133 3330 rus
3161 3282 3249 3332 est
3276 3284 3448 3349 potus
3466 3306 3482 3321 ·

722 3361 768 3396 ⁸³
783 3365 954 3439 panis
982 3366 1141 3424 enim
1172 3366 1231 3425 di
1260 3373 1347 3423 est
1477 3372 1598 3423 tem
1627 3381 1741 3440 ego
1763 3364 1925 3423 illum
1951 3365 2013 3422 in
2042 3381 2123 3423 no
2282 3366 2513 3426 deserto
2543 3377 2601 3427 et
2629 3386 2762 3428 mor
3037 3365 3082 3400 ⁸⁸
3099 3365 3218 3438 Qui
3247 3367 3561 3428 manducat
3589 3385 3692 3428 cor

722 3457 824 3534 qui
852 3457 1155 3518 descendit
1181 3459 1256 3518 de
1474 3457 1712 3517 nissima
1740 3458 1833 3516 die
1858 3489 1871 3504 ·
2281 3462 2364 3519 tui
2395 3470 2531 3520 sunt
2549 3493 2563 3508 ·
2607 3461 2654 3496 ¹⁵⁰
2673 3461 2792 3523 Hic
2813 3473 2902 3523 est
3035 3478 3146 3537 pus
3173 3478 3370 3520 meum
3399 3471 3457 3520 et
3489 3463 3636 3521 bibit

721 3549 889 3610 caelo
943 3561 1001 3610 et
1027 3552 1210 3611 uitam
1240 3552 1313 3612 de
1474 3550 1516 3585 ⁴¹
1538 3551 1986 3612 Murmurabant
2014 3571 2079 3612 er
2280 3556 2450 3631 panis
2479 3556 2579 3632 qui
2610 3557 2684 3616 de
2713 3556 2880 3616 caelo
3037 3556 3385 3630 sanguinem
3413 3574 3616 3615 meum

720 3644 805 3703 dit
832 3645 968 3704 huic
997 3646 1197 3706 seculo
1224 3678 1237 3693 ·
1266 3680 1279 3693 ·
1472 3664 1552 3723 go
1582 3645 1735 3704 iudei
1763 3646 1839 3705 de
1868 3665 1941 3706 eo
1969 3654 2112 3724 qum
2279 3647 2577 3708 descendit
2658 3660 2722 3709 ut
3035 3649 3098 3706 in
3125 3667 3220 3707 me
3247 3659 3450 3708 manet
3475 3660 3535 3708 et
3561 3667 3678 3726 ego

717 3735 1423 3817 “Dixeruntergoadeu-
1473 3738 1612 3798 dixit
1640 3759 1753 3816 ego
1782 3758 1914 3800 sum
1943 3740 2114 3817 panis
2279 3743 2408 3819 quis
2436 3743 2802 3804 manducaue
3034 3742 3096 3800 in
3125 3743 3257 3818 ipso
3281 3774 3295 3790 ·
3345 3743 3393 3776 δ”
3411 3742 3738 3816 Quomodo

718 3832 836 3892 dfie
892 3851 1125 3910 semper
1153 3835 1232 3893 da
1472 3835 1570 3911 qui
1600 3835 1673 3893 de
1702 3835 1865 3894 caelo
1893 3834 2111 3894 descen
2278 3836 2350 3894 rit
2379 3855 2452 3895 ex
2481 3854 2554 3896 eo
2625 3855 2750 3897 non
2779 3857 2879 3898 mo
3033 3837 3188 3895 misit
3215 3855 3312 3896 me
3339 3837 3508 3897 uiuus
3536 3855 3614 3914 pa

718 3928 893 3986 nobis
920 3945 1136 4003 panem
1163 3926 1321 3988 hunc
1471 3928 1531 3986 di
1550 3958 1565 3974 ·
1624 3927 1671 3962 ⁴²
1683 3927 1761 3986 Et
1790 3929 2063 3988 dicebant
2277 3931 2484 3989 riatur·
2511 3963 2523 3978 ·
2550 3964 2563 3977 ·
2609 3930 2652 3965 ⁶²
2673 3929 2808 4009 Ego
2837 3941 2955 3993 su*
3031 3940 3120 3990 ter
3200 3942 3260 3990 et
3287 3948 3401 4008 ego
3428 3931 3568 3991 uiuo
3595 3943 3738 4010 pr⁰p

715 4020 762 4054 ³⁶
777 4020 942 4080 Dixit
970 4038 1113 4096 ergo
1142 4023 1227 4081 eis
1254 4023 1345 4082 ihs
1366 4053 1381 4070 ·
1470 4038 1672 4080 nonne
1701 4021 1796 4081 hic
1824 4031 1910 4080 est
1938 4021 2029 4082 ihs
2279 4025 2448 4101 panis
2474 4026 2644 4084 uiuus
2672 4026 2776 4103 qui
2805 4026 2880 4086 de
3031 4035 3118 4083 ter
3145 4035 3369 4100 patrem
3388 4056 3403 4071 ·
3473 4024 3550 4084 Et
3579 4026 3679 4104 qui

713 4133 829 4193 ego
860 4133 990 4176 sum
1019 4116 1187 4193 panis
1214 4117 1371 4177 uitae
1470 4114 1617 4174 filius
1646 4113 1865 4192 Ioseph
1890 4147 1903 4162 ·
2277 4117 2441 4178 caelo
2468 4119 2746 4180 descendi
3031 4118 3348 4179 manducat
3373 4137 3470 4178 me
