4373 5048
851 474 1002 542 xlvi
1847 465 1964 528 IN
1969 463 2082 524 ΤΚ
2091 461 2336 526 ODUC
2344 459 2443 521 TI
2442 458 2584 521 ΟΝ.

861 648 1105 708 'Selected
1123 647 1392 724 readings
1415 646 1538 704 and
1552 642 1878 719 renderings
1899 641 1960 699 in
1976 637 2163 698 which
2264 631 2508 694 Selected
2526 629 2794 705 readings
2818 626 2943 686 and
2953 626 3281 703 renden'ngs
3300 625 3362 683 in
3376 623 3566 683 wht'dae

1107 745 1136 805 f
1156 762 1198 823 q
1224 747 1391 825 aff?
1392 745 1566 824 from
1591 743 1720 802 each
1750 741 1918 801 other.
2509 729 2540 789 f
2558 746 2600 807 q
2616 749 2716 788 are
2734 727 2942 804 agreed
2958 727 3194 801 against
3203 723 3356 784 other
3372 721 3566 782 Euro-

2503 839 2649 907 pean
2676 832 2842 886 texts.

865 958 1041 1022 Mark
1067 960 1102 1018 i.

915 1080 1010 1137 39.
1051 1061 1305 1135 itemque
1341 1055 1617 1116 demonia
1659 1051 1954 1131 expellens
1987 1050 2021 1109 b
2060 1069 2114 1126 q,
2142 1066 2169 1105 e

1271 1152 1398 1236 (et).

1191 1265 1248 1316 et
1268 1254 1580 1316 daemonia
1605 1252 1822 1313 eiciens
1847 1270 1885 1310 a
1913 1250 1957 1307 d
1955 1249 2022 1327 f
2033 1247 2168 1307 Am.
2190 1251 2195 1254 '

912 1373 1008 1434 45.
1049 1354 1353 1414 manifeste
1382 1353 1427 1411 d
1444 1372 1472 1410 e
1498 1371 1534 1428 q
1560 1351 1698 1411 Am.

1193 1451 1389 1529 palam
1416 1469 1454 1510 a
1481 1450 1588 1529 bf.

869 1553 924 1612 ii.
963 1570 1011 1610 1.
1057 1551 1217 1611 uenit
1244 1549 1295 1623 b,
1325 1545 1536 1628 (benit)
1561 1568 1590 1606 e
1615 1567 1668 1624 q.

1193 1648 1488 1708 introisset
1513 1667 1568 1706 a.

1197 1747 1432 1808 intrauit
1460 1746 1578 1823 df
1589 1747 1724 1807 Am.

958 1868 1008 1908 2.
1051 1847 1128 1908 ad
1152 1864 1256 1909 eos
1283 1847 1316 1906 b
1343 1866 1394 1923 q.

1199 1945 1276 2006 ad
1303 1945 1432 2005 illos
1458 1943 1512 2003 d.

1199 2045 1284 2105 eis
1286 2045 1356 2124 f
1364 2043 1496 2102 Am.

997 2150 1010 2161 ‘
1137 2213 1146 2220 ,
1197 2142 1308 2203 illis
1335 2163 1374 2202 a
1400 2163 1442 2200 e.

960 2263 1016 2317 4.
1059 2241 1332 2303 accedere
1359 2262 1397 2300 a
1425 2241 1458 2300 b
1484 2241 1529 2299 d
1548 2259 1576 2296 e
1601 2259 1653 2316 q.

1203 2339 1487 2417 offerres
1499 2338 1634 2398 Am.

1059 2460 1163 2500 om.
1191 2449 1249 2499 et
1276 2438 1688 2517 patefacientes
1720 2455 1758 2496 a
1785 2436 1818 2496 b
1845 2437 1889 2494 d
1907 2455 1936 2493 e
1961 2455 2012 2512 q.

1133 2550 1261 2607 4-et
1285 2538 1694 2618 patefacientes
1699 2536 1769 2615 f
1777 2536 1913 2595 Am.

1059 2639 1430 2700 dimisserunt
1455 2657 1493 2697 a
1520 2638 1564 2695 d
1583 2656 1635 2713 q.

1201 2737 1616 2798 summiserunt
1642 2735 1675 2794 b
1701 2755 1730 2793 e
1734 2734 1803 2811 s
1812 2731 1945 2792 Am.

962 2853 1015 2913 5.
1059 2837 1301 2897 remissa
1328 2844 1462 2896 sunt
1489 2835 1522 2894 b
1549 2854 1601 2911 q.

1201 2934 1438 2994 dimissa
1465 2933 1670 3010 sunth

1203 3033 1566 3093 dimittuntur
1591 3032 1636 3090 d
1653 3030 1789 3090 Am.
1813 3028 1993 3108 (rem-
2019 3050 2057 3090 a
2083 3027 2151 3108 e).

963 3136 1020 3191 8.
1059 3150 1179 3210 quo
1219 3132 1460 3210 cognito
1499 3130 1590 3191 ihs
1629 3131 1690 3189 in
1732 3134 1844 3207 sfm
1875 3130 1908 3189 b
1945 3129 1990 3187 d
2017 3148 2053 3205 q
2094 3126 2197 3206 (cf

1291 3230 1422 3289 Am.
1451 3247 1572 3306 quo
1601 3229 1796 3289 statim
1823 3227 2064 3305 cognito
2091 3226 2182 3286 ihs

1287 3328 1491 3408 spiritu
1520 3324 1672 3407 suo).

1207 3429 1369 3511 quod
1417 3428 1613 3488 statim
1667 3442 2038 3503 cognoscens
2091 3423 2181 3483 ihs

1288 3524 1494 3603 spiritu
1525 3539 1632 3582 suo
1648 3522 1717 3601 f.

1207 3634 1268 3684 et
1341 3622 1622 3684 contiuuo
1695 3634 2023 3697 agnoscens
2091 3616 2182 3676 ihs

1287 3722 1490 3800 spiritu
1514 3740 1556 3779 e.

1211 3830 1270 3881 et
1337 3838 1474 3880 cum
1543 3817 1916 3897 cognouisset
1968 3814 2060 3875 ihs
2119 3815 2180 3873 in

1289 3918 1490 3997 spiritu
1517 3937 1570 3977 a.

1066 4018 1204 4097 quid
1233 4018 1558 4095 cogitarent
1585 4016 1617 4075 b
1642 4035 1670 4074 e
1696 4035 1746 4092 q.

1210 4115 1372 4194 quod
1399 4132 1529 4192 cog.
1557 4134 1612 4187 a,
1643 4112 1804 4192 quod
1830 4112 1909 4171 ita
1934 4129 2066 4189 cog.
2069 4110 2140 4188 f

1212 4214 1373 4293 quod
1409 4213 1493 4273 sic
1527 4230 1658 4290 cog.
1685 4211 1740 4285 d,
1768 4210 1906 4289 quia
1932 4210 2016 4270 sic
2049 4226 2190 4285 cog.-

1291 4313 1424 4372 Am.
