<?xml version="1.0" encoding="UTF-8"?>
<!DOCTYPE html PUBLIC "-//W3C//DTD XHTML 1.0 Transitional//EN"
    "http://www.w3.org/TR/xhtml1/DTD/xhtml1-transitional.dtd">
<html xmlns="http://www.w3.org/1999/xhtml" xml:lang="en" lang="en">
 <head>
  <title>
</title>
<meta http-equiv="Content-Type" content="text/html;charset=utf-8" />
  <meta name='ocr-system' content='tesseract 3.04.00' />
  <meta name='ocr-capabilities' content='ocr_page ocr_carea ocr_par ocr_line ocrx_word'/>
</head>
<body>
  <div class='ocr_page' id='page_1' title='image "./fourgospelsfrom00wordgoog_0086.png"; bbox 0 0 4373 5048; ppageno 0'>
   <div class='ocr_carea' id='block_1_1' title="bbox 524 499 763 554">
    <p class='ocr_par' dir='ltr' id='par_1_1' title="bbox 524 499 763 554">
     <span class='ocr_line' id='line_1_1' title="bbox 524 499 763 554; baseline 0.013 -4"><span class='ocrx_word' id='word_1_1' title='bbox 524 499 648 554; x_wconf 71' lang='lat' dir='ltr'><strong>rol.</strong></span> <span class='ocrx_word' id='word_1_2' title='bbox 668 500 763 554; x_wconf 72' lang='lat'><strong>40.</strong></span> 
     </span>
    </p>
   </div>
   <div class='ocr_carea' id='block_1_2' title="bbox 812 343 897 404">
    <p class='ocr_par' dir='ltr' id='par_1_2' title="bbox 812 343 897 404">
     <span class='ocr_line' id='line_1_2' title="bbox 812 343 897 404; baseline 0 0"><span class='ocrx_word' id='word_1_3' title='bbox 812 343 897 404; x_wconf 88' lang='lat'><strong>24</strong></span> 
     </span>
    </p>
   </div>
   <div class='ocr_carea' id='block_1_3' title="bbox 802 496 1433 2339">
    <p class='ocr_par' dir='ltr' id='par_1_3' title="bbox 810 496 1291 573">
     <span class='ocr_line' id='line_1_3' title="bbox 810 496 1291 573; baseline -0.002 -16"><span class='ocrx_word' id='word_1_4' title='bbox 810 514 941 557; x_wconf 87' lang='lat' dir='ltr'><strong>mas</strong></span> <span class='ocrx_word' id='word_1_5' title='bbox 972 496 1291 573; x_wconf 84' lang='lat' dir='ltr'><strong>exigebant</strong></span> 
     </span>
    </p>

    <p class='ocr_par' dir='ltr' id='par_1_4' title="bbox 806 589 1350 949">
     <span class='ocr_line' id='line_1_4' title="bbox 808 589 1234 667; baseline -0.005 -16"><span class='ocrx_word' id='word_1_6' title='bbox 808 589 886 651; x_wconf 90' lang='lat' dir='ltr'><strong>ad</strong></span> <span class='ocrx_word' id='word_1_7' title='bbox 914 600 1147 667; x_wconf 89' lang='lat' dir='ltr'><strong>petrum</strong></span> <span class='ocrx_word' id='word_1_8' title='bbox 1175 600 1234 649; x_wconf 90' lang='lat' dir='ltr'><strong>et</strong></span> 
     </span>
     <span class='ocr_line' id='line_1_5' title="bbox 809 684 1268 745; baseline -0.007 0"><span class='ocrx_word' id='word_1_9' title='bbox 809 684 1079 745; x_wconf 83' lang='lat' dir='ltr'><strong>dixerunt</strong></span> <span class='ocrx_word' id='word_1_10' title='bbox 1096 715 1112 731; x_wconf 91' lang='lat'><strong>·</strong></span> <span class='ocrx_word' id='word_1_11' title='bbox 1169 701 1268 742; x_wconf 88' lang='lat' dir='ltr'><strong>ma</strong></span> 
     </span>
     <span class='ocr_line' id='line_1_6' title="bbox 806 779 1350 855; baseline -0.002 -18"><span class='ocrx_word' id='word_1_12' title='bbox 806 779 985 855; x_wconf 82' lang='lat' dir='ltr'><strong>gister</strong></span> <span class='ocrx_word' id='word_1_13' title='bbox 1010 786 1204 838; x_wconf 90' lang='lat' dir='ltr'><strong>uester</strong></span> <span class='ocrx_word' id='word_1_14' title='bbox 1236 788 1350 837; x_wconf 74' lang='lat' dir='ltr'><strong>non</strong></span> 
     </span>
     <span class='ocr_line' id='line_1_7' title="bbox 806 871 1228 949; baseline 0.002 -18"><span class='ocrx_word' id='word_1_15' title='bbox 806 872 991 932; x_wconf 87' lang='lat' dir='ltr'><strong>soluet</strong></span> <span class='ocrx_word' id='word_1_16' title='bbox 1019 871 1228 949; x_wconf 84' lang='lat' dir='ltr'><strong>didrag</strong></span> 
     </span>
    </p>

    <p class='ocr_par' dir='ltr' id='par_1_5' title="bbox 802 964 1385 1417">
     <span class='ocr_line' id='line_1_8' title="bbox 807 964 1385 1025; baseline 0.003 -2"><span class='ocrx_word' id='word_1_17' title='bbox 807 982 909 1025; x_wconf 90' lang='lat' dir='ltr'><strong>ma</strong></span> <span class='ocrx_word' id='word_1_18' title='bbox 963 964 1107 1025; x_wconf 70' lang='lat' dir='ltr'><strong>”ait</strong></span> <span class='ocrx_word' id='word_1_19' title='bbox 1172 966 1349 1025; x_wconf 87' lang='lat' dir='ltr'><strong>etiam</strong></span> <span class='ocrx_word' id='word_1_20' title='bbox 1368 995 1385 1013; x_wconf 92' lang='lat'><strong>·</strong></span> 
     </span>
     <span class='ocr_line' id='line_1_9' title="bbox 806 1057 1351 1119; baseline 0.004 -2"><span class='ocrx_word' id='word_1_21' title='bbox 806 1057 885 1119; x_wconf 92' lang='lat' dir='ltr'><strong>Et</strong></span> <span class='ocrx_word' id='word_1_22' title='bbox 912 1077 1049 1119; x_wconf 88' lang='lat' dir='ltr'><strong>cum</strong></span> <span class='ocrx_word' id='word_1_23' title='bbox 1082 1059 1351 1119; x_wconf 80' lang='lat' dir='ltr'><strong>intrasset</strong></span> 
     </span>
     <span class='ocr_line' id='line_1_10' title="bbox 802 1152 1333 1231; baseline 0.004 -20"><span class='ocrx_word' id='word_1_24' title='bbox 802 1152 864 1211; x_wconf 91' lang='lat' dir='ltr'><strong>in</strong></span> <span class='ocrx_word' id='word_1_25' title='bbox 893 1153 1135 1213; x_wconf 88' lang='lat' dir='ltr'><strong>domum</strong></span> <span class='ocrx_word' id='word_1_26' title='bbox 1157 1182 1173 1199; x_wconf 92' lang='lat'><strong>·</strong></span> <span class='ocrx_word' id='word_1_27' title='bbox 1227 1170 1333 1231; x_wconf 90' lang='lat' dir='ltr'><strong>pre</strong></span> 
     </span>
     <span class='ocr_line' id='line_1_11' title="bbox 804 1246 1249 1305; baseline 0.002 -1"><span class='ocrx_word' id='word_1_28' title='bbox 804 1246 969 1305; x_wconf 90' lang='lat' dir='ltr'><strong>uenit</strong></span> <span class='ocrx_word' id='word_1_29' title='bbox 994 1263 1130 1305; x_wconf 89' lang='lat' dir='ltr'><strong>eum</strong></span> <span class='ocrx_word' id='word_1_30' title='bbox 1160 1246 1249 1305; x_wconf 80' lang='lat' dir='ltr'><strong>ihs</strong></span> 
     </span>
     <span class='ocr_line' id='line_1_12' title="bbox 806 1339 1311 1417; baseline -0.002 -17"><span class='ocrx_word' id='word_1_31' title='bbox 806 1339 1011 1400; x_wconf 89' lang='lat' dir='ltr'><strong>dicens</strong></span> <span class='ocrx_word' id='word_1_32' title='bbox 1034 1370 1049 1386; x_wconf 94' lang='lat'><strong>·</strong></span> <span class='ocrx_word' id='word_1_33' title='bbox 1105 1340 1247 1417; x_wconf 92' lang='lat' dir='ltr'><strong>quid</strong></span> <span class='ocrx_word' id='word_1_34' title='bbox 1267 1341 1311 1400; x_wconf 86' lang='lat' dir='ltr'><strong>ti</strong></span> 
     </span>
    </p>

    <p class='ocr_par' dir='ltr' id='par_1_6' title="bbox 806 1432 1428 1962">
     <span class='ocr_line' id='line_1_13' title="bbox 807 1432 1365 1494; baseline 0.004 -2"><span class='ocrx_word' id='word_1_35' title='bbox 807 1433 867 1492; x_wconf 92' lang='lat' dir='ltr'><strong>bi</strong></span> <span class='ocrx_word' id='word_1_36' title='bbox 895 1432 1121 1493; x_wconf 88' lang='lat' dir='ltr'><strong>uidetur</strong></span> <span class='ocrx_word' id='word_1_37' title='bbox 1149 1435 1333 1494; x_wconf 87' lang='lat' dir='ltr'><strong>sim⁰n</strong></span> <span class='ocrx_word' id='word_1_38' title='bbox 1350 1466 1365 1481; x_wconf 92' lang='lat'><strong>·</strong></span> 
     </span>
     <span class='ocr_line' id='line_1_14' title="bbox 810 1525 1379 1607; baseline 0.005 -22"><span class='ocrx_word' id='word_1_39' title='bbox 810 1525 1008 1603; x_wconf 82' lang='lat' dir='ltr'><strong>Reges</strong></span> <span class='ocrx_word' id='word_1_40' title='bbox 1034 1537 1182 1587; x_wconf 87' lang='lat' dir='ltr'><strong>terre</strong></span> <span class='ocrx_word' id='word_1_41' title='bbox 1214 1546 1249 1588; x_wconf 94' lang='lat' dir='ltr'><strong>a</strong></span> <span class='ocrx_word' id='word_1_42' title='bbox 1278 1529 1379 1607; x_wconf 90' lang='lat' dir='ltr'><strong>qui</strong></span> 
     </span>
     <span class='ocr_line' id='line_1_15' title="bbox 806 1621 1341 1699; baseline 0.004 -20"><span class='ocrx_word' id='word_1_43' title='bbox 806 1621 919 1681; x_wconf 85' lang='lat' dir='ltr'><strong>bus</strong></span> <span class='ocrx_word' id='word_1_44' title='bbox 946 1622 1245 1699; x_wconf 79' lang='lat' dir='ltr'><strong>accipiunt</strong></span> <span class='ocrx_word' id='word_1_45' title='bbox 1270 1624 1341 1682; x_wconf 91' lang='lat' dir='ltr'><strong>tri</strong></span> 
     </span>
     <span class='ocr_line' id='line_1_16' title="bbox 806 1715 1309 1776; baseline 0.006 -3"><span class='ocrx_word' id='word_1_46' title='bbox 806 1715 1015 1774; x_wconf 89' lang='lat' dir='ltr'><strong>butum</strong></span> <span class='ocrx_word' id='word_1_47' title='bbox 1075 1716 1169 1775; x_wconf 90' lang='lat' dir='ltr'><strong>uel</strong></span> <span class='ocrx_word' id='word_1_48' title='bbox 1199 1735 1309 1776; x_wconf 91' lang='lat' dir='ltr'><strong>cen</strong></span> 
     </span>
     <span class='ocr_line' id='line_1_17' title="bbox 808 1810 1428 1871; baseline 0.006 -4"><span class='ocrx_word' id='word_1_49' title='bbox 808 1826 943 1867; x_wconf 88' lang='lat' dir='ltr'><strong>sum</strong></span> <span class='ocrx_word' id='word_1_50' title='bbox 966 1840 981 1855; x_wconf 89' lang='lat'><strong>·</strong></span> <span class='ocrx_word' id='word_1_51' title='bbox 1044 1828 1081 1868; x_wconf 86' lang='lat' dir='ltr'><strong>a</strong></span> <span class='ocrx_word' id='word_1_52' title='bbox 1110 1810 1237 1869; x_wconf 87' lang='lat' dir='ltr'><strong>filiis</strong></span> <span class='ocrx_word' id='word_1_53' title='bbox 1272 1810 1389 1871; x_wconf 89' lang='lat' dir='ltr'><strong>suis</strong></span> <span class='ocrx_word' id='word_1_54' title='bbox 1413 1842 1428 1857; x_wconf 93' lang='lat'><strong>·</strong></span> 
     </span>
     <span class='ocr_line' id='line_1_18' title="bbox 808 1902 1277 1962; baseline 0 -1"><span class='ocrx_word' id='word_1_55' title='bbox 808 1912 910 1961; x_wconf 82' lang='lat' dir='ltr'><strong>aut</strong></span> <span class='ocrx_word' id='word_1_56' title='bbox 938 1904 1015 1961; x_wconf 87' lang='lat' dir='ltr'><strong>ab</strong></span> <span class='ocrx_word' id='word_1_57' title='bbox 1042 1902 1244 1962; x_wconf 87' lang='lat' dir='ltr'><strong>alienis</strong></span> <span class='ocrx_word' id='word_1_58' title='bbox 1262 1934 1277 1949; x_wconf 91' lang='lat'><strong>·</strong></span> 
     </span>
    </p>

    <p class='ocr_par' dir='ltr' id='par_1_7' title="bbox 807 1992 1433 2149">
     <span class='ocr_line' id='line_1_19' title="bbox 807 1992 1433 2073; baseline 0.008 -20"><span class='ocrx_word' id='word_1_59' title='bbox 807 1992 852 2029; x_wconf 80' lang='lat'><strong>⁸⁸</strong></span> <span class='ocrx_word' id='word_1_60' title='bbox 868 1994 1026 2055; x_wconf 87' lang='lat' dir='ltr'><strong>Dicit</strong></span> <span class='ocrx_word' id='word_1_61' title='bbox 1051 1996 1105 2054; x_wconf 89' lang='lat' dir='ltr'><strong>ei</strong></span> <span class='ocrx_word' id='word_1_62' title='bbox 1132 1998 1433 2073; x_wconf 78' lang='lat' dir='ltr'><strong>petrus‘ab</strong></span> 
     </span>
     <span class='ocr_line' id='line_1_20' title="bbox 808 2088 1271 2149; baseline 0.004 -2"><span class='ocrx_word' id='word_1_63' title='bbox 808 2088 1010 2147; x_wconf 84' lang='lat' dir='ltr'><strong>alienis</strong></span> <span class='ocrx_word' id='word_1_64' title='bbox 1032 2120 1049 2135; x_wconf 89' lang='lat'><strong>·</strong></span> <span class='ocrx_word' id='word_1_65' title='bbox 1114 2088 1271 2149; x_wconf 89' lang='lat' dir='ltr'><strong>Dicit</strong></span> 
     </span>
    </p>

    <p class='ocr_par' dir='ltr' id='par_1_8' title="bbox 808 2181 1313 2259">
     <span class='ocr_line' id='line_1_21' title="bbox 808 2181 1313 2259; baseline 0.004 -18"><span class='ocrx_word' id='word_1_66' title='bbox 808 2181 889 2241; x_wconf 92' lang='lat' dir='ltr'><strong>illi</strong></span> <span class='ocrx_word' id='word_1_67' title='bbox 914 2182 1003 2242; x_wconf 77' lang='lat' dir='ltr'><strong>ins</strong></span> <span class='ocrx_word' id='word_1_68' title='bbox 1030 2200 1172 2259; x_wconf 90' lang='lat' dir='ltr'><strong>ergo</strong></span> <span class='ocrx_word' id='word_1_69' title='bbox 1198 2183 1313 2243; x_wconf 88' lang='lat' dir='ltr'><strong>libe</strong></span> 
     </span>
    </p>

    <p class='ocr_par' dir='ltr' id='par_1_9' title="bbox 810 2275 1379 2339">
     <span class='ocr_line' id='line_1_22' title="bbox 810 2275 1379 2339; baseline 0.011 -6"><span class='ocrx_word' id='word_1_70' title='bbox 810 2276 857 2333; x_wconf 86' lang='lat' dir='ltr'><strong>ri</strong></span> <span class='ocrx_word' id='word_1_71' title='bbox 887 2286 1022 2335; x_wconf 88' lang='lat' dir='ltr'><strong>sunt</strong></span> <span class='ocrx_word' id='word_1_72' title='bbox 1048 2275 1148 2335; x_wconf 87' lang='lat' dir='ltr'><strong>filii</strong></span> <span class='ocrx_word' id='word_1_73' title='bbox 1164 2308 1181 2325; x_wconf 66' lang='grc' dir='ltr'><strong><em>ο</em></strong></span> <span class='ocrx_word' id='word_1_74' title='bbox 1223 2275 1267 2311; x_wconf 79' lang='lat'><strong>²⁷</strong></span> <span class='ocrx_word' id='word_1_75' title='bbox 1294 2278 1379 2339; x_wconf 90' lang='lat' dir='ltr'><strong>Ut</strong></span> 
     </span>
    </p>
   </div>
   <div class='ocr_carea' id='block_1_4' title="bbox 810 2418 1436 3220">
    <p class='ocr_par' dir='ltr' id='par_1_10' title="bbox 810 2418 1436 2955">
     <span class='ocr_line' id='line_1_23' title="bbox 810 2418 1323 2471; baseline 0.01 -4"><span class='ocrx_word' id='word_1_76' title='bbox 810 2418 1005 2467; x_wconf 88' lang='lat' dir='ltr'><strong>autem</strong></span> <span class='ocrx_word' id='word_1_77' title='bbox 1032 2426 1153 2469; x_wconf 89' lang='lat' dir='ltr'><strong>non</strong></span> <span class='ocrx_word' id='word_1_78' title='bbox 1181 2427 1323 2471; x_wconf 80' lang='lat' dir='ltr'><strong>scan</strong></span> 
     </span>
     <span class='ocr_line' id='line_1_24' title="bbox 810 2502 1431 2568; baseline 0.006 -4"><span class='ocrx_word' id='word_1_79' title='bbox 810 2502 1125 2564; x_wconf 86' lang='lat' dir='ltr'><strong>dalizemus</strong></span> <span class='ocrx_word' id='word_1_80' title='bbox 1152 2522 1255 2566; x_wconf 90' lang='lat' dir='ltr'><strong>eos</strong></span> <span class='ocrx_word' id='word_1_81' title='bbox 1275 2537 1291 2554; x_wconf 92' lang='lat'><strong>·</strong></span> <span class='ocrx_word' id='word_1_82' title='bbox 1354 2524 1431 2568; x_wconf 90' lang='lat' dir='ltr'><strong>ua</strong></span> 
     </span>
     <span class='ocr_line' id='line_1_25' title="bbox 812 2595 1436 2660; baseline 0.006 -4"><span class='ocrx_word' id='word_1_83' title='bbox 812 2595 959 2656; x_wconf 90' lang='lat' dir='ltr'><strong>dens</strong></span> <span class='ocrx_word' id='word_1_84' title='bbox 986 2597 1061 2657; x_wconf 87' lang='lat' dir='ltr'><strong>ad</strong></span> <span class='ocrx_word' id='word_1_85' title='bbox 1090 2617 1250 2660; x_wconf 86' lang='lat' dir='ltr'><strong>mare</strong></span> <span class='ocrx_word' id='word_1_86' title='bbox 1271 2630 1286 2647; x_wconf 91' lang='lat'><strong>·</strong></span> <span class='ocrx_word' id='word_1_87' title='bbox 1330 2601 1436 2660; x_wconf 88' lang='lat' dir='ltr'><strong>mit</strong></span> 
     </span>
     <span class='ocr_line' id='line_1_26' title="bbox 811 2690 1413 2754; baseline 0.008 -5"><span class='ocrx_word' id='word_1_88' title='bbox 811 2700 868 2750; x_wconf 87' lang='lat' dir='ltr'><strong>te</strong></span> <span class='ocrx_word' id='word_1_89' title='bbox 895 2690 1135 2752; x_wconf 84' lang='lat' dir='ltr'><strong>hamum</strong></span> <span class='ocrx_word' id='word_1_90' title='bbox 1192 2705 1251 2753; x_wconf 90' lang='lat' dir='ltr'><strong>et</strong></span> <span class='ocrx_word' id='word_1_91' title='bbox 1276 2713 1413 2754; x_wconf 88' lang='lat' dir='ltr'><strong>eum</strong></span> 
     </span>
     <span class='ocr_line' id='line_1_27' title="bbox 811 2785 1366 2862; baseline 0.011 -20"><span class='ocrx_word' id='word_1_92' title='bbox 811 2785 911 2861; x_wconf 89' lang='lat' dir='ltr'><strong>qui</strong></span> <span class='ocrx_word' id='word_1_93' title='bbox 940 2785 1159 2862; x_wconf 85' lang='lat' dir='ltr'><strong>primus</strong></span> <span class='ocrx_word' id='word_1_94' title='bbox 1186 2805 1366 2848; x_wconf 84' lang='lat' dir='ltr'><strong>ascen</strong></span> 
     </span>
     <span class='ocr_line' id='line_1_28' title="bbox 812 2879 1319 2955; baseline 0.004 -17"><span class='ocrx_word' id='word_1_95' title='bbox 812 2879 959 2938; x_wconf 87' lang='lat' dir='ltr'><strong>derit</strong></span> <span class='ocrx_word' id='word_1_96' title='bbox 985 2879 1207 2955; x_wconf 88' lang='lat' dir='ltr'><strong>piscem</strong></span> <span class='ocrx_word' id='word_1_97' title='bbox 1235 2881 1319 2940; x_wconf 88' lang='lat' dir='ltr'><strong>tol</strong></span> 
     </span>
    </p>

    <p class='ocr_par' dir='ltr' id='par_1_11' title="bbox 810 2971 1341 3220">
     <span class='ocr_line' id='line_1_29' title="bbox 810 2971 1341 3049; baseline 0.013 -20"><span class='ocrx_word' id='word_1_98' title='bbox 810 2971 864 3030; x_wconf 91' lang='lat' dir='ltr'><strong>le</strong></span> <span class='ocrx_word' id='word_1_99' title='bbox 892 2983 951 3032; x_wconf 90' lang='lat' dir='ltr'><strong>et</strong></span> <span class='ocrx_word' id='word_1_100' title='bbox 977 2974 1245 3049; x_wconf 85' lang='lat' dir='ltr'><strong>aperiens</strong></span> <span class='ocrx_word' id='word_1_101' title='bbox 1272 2994 1341 3036; x_wconf 85' lang='lat' dir='ltr'><strong>os</strong></span> 
     </span>
     <span class='ocr_line' id='line_1_30' title="bbox 810 3065 1269 3127; baseline 0.002 -3"><span class='ocrx_word' id='word_1_102' title='bbox 810 3065 934 3124; x_wconf 87' lang='lat' dir='ltr'><strong>eius</strong></span> <span class='ocrx_word' id='word_1_103' title='bbox 967 3065 1269 3127; x_wconf 88' lang='lat' dir='ltr'><strong>inueniens</strong></span> 
     </span>
     <span class='ocr_line' id='line_1_31' title="bbox 810 3161 1300 3220; baseline 0.006 -3"><span class='ocrx_word' id='word_1_104' title='bbox 810 3167 1081 3218; x_wconf 83' lang='lat' dir='ltr'><strong>staterem</strong></span> <span class='ocrx_word' id='word_1_105' title='bbox 1137 3161 1300 3220; x_wconf 88' lang='lat' dir='ltr'><strong>illum</strong></span> 
     </span>
    </p>
   </div>
   <div class='ocr_carea' id='block_1_5' title="bbox 2106 322 2528 395">
    <p class='ocr_par' dir='ltr' id='par_1_12' title="bbox 2106 322 2528 395">
     <span class='ocr_line' id='line_1_32' title="bbox 2106 322 2528 395; baseline -0.009 -9"><span class='ocrx_word' id='word_1_106' title='bbox 2106 322 2484 395; x_wconf 83' lang='lat' dir='ltr'><em>SECUND</em></span> <span class='ocrx_word' id='word_1_107' title='bbox 2513 353 2528 370; x_wconf 92' lang='lat'><strong>·</strong></span> 
     </span>
    </p>
   </div>
   <div class='ocr_carea' id='block_1_6' title="bbox 1560 495 2166 1981">
    <p class='ocr_par' dir='ltr' id='par_1_13' title="bbox 1560 495 2166 1401">
     <span class='ocr_line' id='line_1_33' title="bbox 1562 495 2166 556; baseline 0.005 -3"><span class='ocrx_word' id='word_1_108' title='bbox 1562 495 1761 555; x_wconf 89' lang='lat' dir='ltr'><strong>Amen</strong></span> <span class='ocrx_word' id='word_1_109' title='bbox 1788 496 1923 555; x_wconf 89' lang='lat' dir='ltr'><strong>dico</strong></span> <span class='ocrx_word' id='word_1_110' title='bbox 1957 496 2125 556; x_wconf 84' lang='lat' dir='ltr'><strong>uobis</strong></span> <span class='ocrx_word' id='word_1_111' title='bbox 2150 525 2166 542; x_wconf 93' lang='lat'><strong>·</strong></span> 
     </span>
     <span class='ocr_line' id='line_1_34' title="bbox 1564 589 2065 650; baseline 0.004 -3"><span class='ocrx_word' id='word_1_112' title='bbox 1564 589 1673 648; x_wconf 85' lang='lat' dir='ltr'><strong>nisi</strong></span> <span class='ocrx_word' id='word_1_113' title='bbox 1700 591 1973 650; x_wconf 89' lang='lat' dir='ltr'><strong>conuersi</strong></span> <span class='ocrx_word' id='word_1_114' title='bbox 2002 589 2065 649; x_wconf 81' lang='lat' dir='ltr'><strong>fu</strong></span> 
     </span>
     <span class='ocr_line' id='line_1_35' title="bbox 1564 683 2059 745; baseline 0.004 -2"><span class='ocrx_word' id='word_1_115' title='bbox 1564 683 1717 743; x_wconf 84' lang='lat' dir='ltr'><strong>erin‘s</strong></span> <span class='ocrx_word' id='word_1_116' title='bbox 1784 694 1843 744; x_wconf 88' lang='lat' dir='ltr'><strong>et</strong></span> <span class='ocrx_word' id='word_1_117' title='bbox 1868 684 2059 745; x_wconf 86' lang='lat' dir='ltr'><strong>efficia</strong></span> 
     </span>
     <span class='ocr_line' id='line_1_36' title="bbox 1564 776 2113 855; baseline 0.007 -20"><span class='ocrx_word' id='word_1_118' title='bbox 1564 776 1706 835; x_wconf 88' lang='lat' dir='ltr'><strong>mini</strong></span> <span class='ocrx_word' id='word_1_119' title='bbox 1736 779 1885 837; x_wconf 83' lang='lat' dir='ltr'><strong>sicut</strong></span> <span class='ocrx_word' id='word_1_120' title='bbox 1912 779 2077 855; x_wconf 89' lang='lat' dir='ltr'><strong>pueri</strong></span> <span class='ocrx_word' id='word_1_121' title='bbox 2097 809 2113 827; x_wconf 92' lang='lat'><strong>·</strong></span> 
     </span>
     <span class='ocr_line' id='line_1_37' title="bbox 1564 871 2083 932; baseline 0.006 -3"><span class='ocrx_word' id='word_1_122' title='bbox 1564 888 1686 931; x_wconf 90' lang='lat' dir='ltr'><strong>non</strong></span> <span class='ocrx_word' id='word_1_123' title='bbox 1714 871 1995 931; x_wconf 85' lang='lat' dir='ltr'><strong>intrabitis</strong></span> <span class='ocrx_word' id='word_1_124' title='bbox 2022 874 2083 932; x_wconf 90' lang='lat' dir='ltr'><strong>in</strong></span> 
     </span>
     <span class='ocr_line' id='line_1_38' title="bbox 1560 966 2103 1041; baseline 0.006 -19"><span class='ocrx_word' id='word_1_125' title='bbox 1560 982 1746 1041; x_wconf 87' lang='lat' dir='ltr'><strong>regno</strong></span> <span class='ocrx_word' id='word_1_126' title='bbox 1772 966 2066 1027; x_wconf 86' lang='lat' dir='ltr'><strong>caelorum</strong></span> <span class='ocrx_word' id='word_1_127' title='bbox 2088 997 2103 1014; x_wconf 92' lang='lat'><strong>·</strong></span> 
     </span>
     <span class='ocr_line' id='line_1_39' title="bbox 1561 1057 2145 1138; baseline 0.002 -21"><span class='ocrx_word' id='word_1_128' title='bbox 1561 1057 1585 1090; x_wconf 84' lang='lat'><strong>⁴</strong></span> <span class='ocrx_word' id='word_1_129' title='bbox 1601 1057 1975 1136; x_wconf 88' lang='lat' dir='ltr'><strong>Quicumque</strong></span> <span class='ocrx_word' id='word_1_130' title='bbox 2002 1078 2145 1138; x_wconf 87' lang='lat' dir='ltr'><strong>ergo</strong></span> 
     </span>
     <span class='ocr_line' id='line_1_40' title="bbox 1562 1150 2025 1214; baseline 0.011 -5"><span class='ocrx_word' id='word_1_131' title='bbox 1562 1150 1942 1213; x_wconf 86' lang='lat' dir='ltr'><strong>humiliauerit</strong></span> <span class='ocrx_word' id='word_1_132' title='bbox 1960 1172 2025 1214; x_wconf 88' lang='lat' dir='ltr'><strong>se</strong></span> 
     </span>
     <span class='ocr_line' id='line_1_41' title="bbox 1563 1246 2025 1323; baseline 0.004 -18"><span class='ocrx_word' id='word_1_133' title='bbox 1563 1246 1710 1306; x_wconf 86' lang='lat' dir='ltr'><strong>sicut</strong></span> <span class='ocrx_word' id='word_1_134' title='bbox 1748 1265 1893 1323; x_wconf 90' lang='lat' dir='ltr'><strong>puer</strong></span> <span class='ocrx_word' id='word_1_135' title='bbox 1918 1247 2025 1307; x_wconf 85' lang='lat' dir='ltr'><strong>iste</strong></span> 
     </span>
     <span class='ocr_line' id='line_1_42' title="bbox 1564 1338 2001 1401; baseline 0.005 -4"><span class='ocrx_word' id='word_1_136' title='bbox 1564 1338 1657 1398; x_wconf 84' lang='lat' dir='ltr'><strong>hic</strong></span> <span class='ocrx_word' id='word_1_137' title='bbox 1685 1341 1791 1401; x_wconf 87' lang='lat' dir='ltr'><strong>erit</strong></span> <span class='ocrx_word' id='word_1_138' title='bbox 1816 1341 2001 1401; x_wconf 88' lang='lat' dir='ltr'><strong>maior</strong></span> 
     </span>
    </p>

    <p class='ocr_par' dir='ltr' id='par_1_14' title="bbox 1562 1433 2144 1777">
     <span class='ocr_line' id='line_1_43' title="bbox 1564 1433 2144 1512; baseline 0.009 -21"><span class='ocrx_word' id='word_1_139' title='bbox 1564 1433 1624 1492; x_wconf 89' lang='lat' dir='ltr'><strong>in</strong></span> <span class='ocrx_word' id='word_1_140' title='bbox 1654 1452 1840 1512; x_wconf 87' lang='lat' dir='ltr'><strong>regno</strong></span> <span class='ocrx_word' id='word_1_141' title='bbox 1870 1436 2105 1495; x_wconf 77' lang='lat' dir='ltr'><strong>caelorii</strong></span> <span class='ocrx_word' id='word_1_142' title='bbox 2128 1467 2144 1485; x_wconf 87' lang='lat'><strong>·</strong></span> 
     </span>
     <span class='ocr_line' id='line_1_44' title="bbox 1562 1526 2120 1608; baseline 0.005 -22"><span class='ocrx_word' id='word_1_143' title='bbox 1562 1528 1585 1561; x_wconf 81' lang='lat'>⁶</span> <span class='ocrx_word' id='word_1_144' title='bbox 1602 1526 1681 1587; x_wconf 88' lang='lat' dir='ltr'><strong>Et</strong></span> <span class='ocrx_word' id='word_1_145' title='bbox 1707 1529 1807 1608; x_wconf 87' lang='lat' dir='ltr'><strong>qui</strong></span> <span class='ocrx_word' id='word_1_146' title='bbox 1833 1531 2120 1607; x_wconf 83' lang='lat' dir='ltr'><strong>acceperit</strong></span> 
     </span>
     <span class='ocr_line' id='line_1_45' title="bbox 1562 1624 2007 1699; baseline 0.011 -20"><span class='ocrx_word' id='word_1_147' title='bbox 1562 1638 1809 1699; x_wconf 88' lang='lat' dir='ltr'><strong>puerum</strong></span> <span class='ocrx_word' id='word_1_148' title='bbox 1830 1624 2007 1683; x_wconf 86' lang='lat' dir='ltr'><strong>talem</strong></span> 
     </span>
     <span class='ocr_line' id='line_1_46' title="bbox 1562 1716 2025 1777; baseline 0.004 -2"><span class='ocrx_word' id='word_1_149' title='bbox 1562 1734 1747 1775; x_wconf 88' lang='lat' dir='ltr'><strong>unum</strong></span> <span class='ocrx_word' id='word_1_150' title='bbox 1772 1716 1835 1774; x_wconf 91' lang='lat' dir='ltr'><strong>in</strong></span> <span class='ocrx_word' id='word_1_151' title='bbox 1863 1718 2025 1777; x_wconf 89' lang='lat' dir='ltr'><strong>nomi</strong></span> 
     </span>
    </p>

    <p class='ocr_par' dir='ltr' id='par_1_15' title="bbox 1564 1827 2107 1981">
     <span class='ocr_line' id='line_1_47' title="bbox 1565 1827 2104 1871; baseline 0.006 -3"><span class='ocrx_word' id='word_1_152' title='bbox 1565 1827 1639 1869; x_wconf 88' lang='lat' dir='ltr'><strong>ne</strong></span> <span class='ocrx_word' id='word_1_153' title='bbox 1668 1827 1807 1869; x_wconf 90' lang='lat' dir='ltr'><strong>meo</strong></span> <span class='ocrx_word' id='word_1_154' title='bbox 1832 1828 1930 1869; x_wconf 87' lang='lat' dir='ltr'><strong>me</strong></span> <span class='ocrx_word' id='word_1_155' title='bbox 1958 1828 2104 1871; x_wconf 87' lang='lat' dir='ltr'><strong>acce</strong></span> 
     </span>
     <span class='ocr_line' id='line_1_48' title="bbox 1564 1904 2107 1981; baseline 0.007 -20"><span class='ocrx_word' id='word_1_156' title='bbox 1564 1904 1651 1981; x_wconf 86' lang='lat' dir='ltr'><strong>pit</strong></span> <span class='ocrx_word' id='word_1_157' title='bbox 1673 1933 1688 1950; x_wconf 92' lang='lat'><strong>·</strong></span> <span class='ocrx_word' id='word_1_158' title='bbox 1744 1904 1883 1981; x_wconf 72' lang='lat' dir='ltr'><strong>‘qui</strong></span> <span class='ocrx_word' id='word_1_159' title='bbox 1910 1915 2107 1964; x_wconf 87' lang='lat' dir='ltr'><strong>autem</strong></span> 
     </span>
    </p>
   </div>
   <div class='ocr_carea' id='block_1_7' title="bbox 1558 1992 2045 2058">
    <p class='ocr_par' dir='ltr' id='par_1_16' title="bbox 1558 1992 2045 2058">
     <span class='ocr_line' id='line_1_49' title="bbox 1558 1992 2045 2058; baseline 0.002 -1"><span class='ocrx_word' id='word_1_160' title='bbox 1558 1992 2045 2058; x_wconf 79' lang='lat' dir='ltr'><strong>&#39;scandalizauerit</strong></span> 
     </span>
    </p>
   </div>
   <div class='ocr_carea' id='block_1_8' title="bbox 1564 2089 2165 2357">
    <p class='ocr_par' dir='ltr' id='par_1_17' title="bbox 1564 2089 2165 2357">
     <span class='ocr_line' id='line_1_50' title="bbox 1564 2089 2097 2169; baseline 0.006 -20"><span class='ocrx_word' id='word_1_161' title='bbox 1564 2108 1749 2150; x_wconf 88' lang='lat' dir='ltr'><strong>unum</strong></span> <span class='ocrx_word' id='word_1_162' title='bbox 1771 2089 1846 2151; x_wconf 91' lang='lat' dir='ltr'><strong>de</strong></span> <span class='ocrx_word' id='word_1_163' title='bbox 1873 2093 2097 2169; x_wconf 79' lang='lat' dir='ltr'><strong>pusillis</strong></span> 
     </span>
     <span class='ocr_line' id='line_1_51' title="bbox 1566 2184 2079 2246; baseline 0.006 -3"><span class='ocrx_word' id='word_1_164' title='bbox 1566 2184 1688 2244; x_wconf 84' lang='lat' dir='ltr'><strong>isn&#39;s</strong></span> <span class='ocrx_word' id='word_1_165' title='bbox 1708 2184 2079 2246; x_wconf 79' lang='lat' dir='ltr'><strong>credentibus</strong></span> 
     </span>
     <span class='ocr_line' id='line_1_52' title="bbox 1566 2279 2165 2357; baseline 0.007 -20"><span class='ocrx_word' id='word_1_166' title='bbox 1566 2279 1626 2337; x_wconf 92' lang='lat' dir='ltr'><strong>in</strong></span> <span class='ocrx_word' id='word_1_167' title='bbox 1657 2296 1751 2339; x_wconf 88' lang='lat' dir='ltr'><strong>me</strong></span> <span class='ocrx_word' id='word_1_168' title='bbox 1771 2310 1785 2326; x_wconf 92' lang='lat'><strong>·</strong></span> <span class='ocrx_word' id='word_1_169' title='bbox 1846 2280 2085 2357; x_wconf 85' lang='lat' dir='ltr'><strong>expedit</strong></span> <span class='ocrx_word' id='word_1_170' title='bbox 2112 2281 2165 2341; x_wconf 90' lang='lat' dir='ltr'><strong>ei</strong></span> 
     </span>
    </p>
   </div>
   <div class='ocr_carea' id='block_1_9' title="bbox 1568 2411 2222 3222">
    <p class='ocr_par' dir='ltr' id='par_1_18' title="bbox 1568 2411 2143 2848">
     <span class='ocr_line' id='line_1_53' title="bbox 1570 2411 2047 2489; baseline 0.004 -20"><span class='ocrx_word' id='word_1_171' title='bbox 1570 2420 1633 2469; x_wconf 91' lang='lat' dir='ltr'><strong>ut</strong></span> <span class='ocrx_word' id='word_1_172' title='bbox 1659 2411 2047 2489; x_wconf 85' lang='lat' dir='ltr'><strong>suspendatur</strong></span> 
     </span>
     <span class='ocr_line' id='line_1_54' title="bbox 1568 2504 2091 2566; baseline 0.004 -2"><span class='ocrx_word' id='word_1_173' title='bbox 1568 2504 1727 2565; x_wconf 86' lang='lat' dir='ltr'><strong>mola</strong></span> <span class='ocrx_word' id='word_1_174' title='bbox 1760 2505 2005 2566; x_wconf 82' lang='lat' dir='ltr'><strong>asinaria</strong></span> <span class='ocrx_word' id='word_1_175' title='bbox 2030 2506 2091 2566; x_wconf 88' lang='lat' dir='ltr'><strong>in</strong></span> 
     </span>
     <span class='ocr_line' id='line_1_55' title="bbox 1568 2599 2135 2660; baseline 0.004 -2"><span class='ocrx_word' id='word_1_176' title='bbox 1568 2599 1723 2660; x_wconf 92' lang='lat' dir='ltr'><strong>collo</strong></span> <span class='ocrx_word' id='word_1_177' title='bbox 1751 2599 1875 2659; x_wconf 84' lang='lat' dir='ltr'><strong>eius</strong></span> <span class='ocrx_word' id='word_1_178' title='bbox 1894 2631 1909 2647; x_wconf 93' lang='lat'><strong>·</strong></span> <span class='ocrx_word' id='word_1_179' title='bbox 1974 2610 2031 2660; x_wconf 91' lang='lat' dir='ltr'><strong>et</strong></span> <span class='ocrx_word' id='word_1_180' title='bbox 2060 2601 2135 2660; x_wconf 90' lang='lat' dir='ltr'><strong>de</strong></span> 
     </span>
     <span class='ocr_line' id='line_1_56' title="bbox 1568 2693 2086 2772; baseline 0.006 -20"><span class='ocrx_word' id='word_1_181' title='bbox 1568 2705 1863 2771; x_wconf 84' lang='lat' dir='ltr'><strong>mergatur</strong></span> <span class='ocrx_word' id='word_1_182' title='bbox 1889 2693 1950 2752; x_wconf 88' lang='lat' dir='ltr'><strong>in</strong></span> <span class='ocrx_word' id='word_1_183' title='bbox 1977 2711 2086 2772; x_wconf 84' lang='lat' dir='ltr'><strong>pro</strong></span> 
     </span>
     <span class='ocr_line' id='line_1_57' title="bbox 1568 2785 2143 2848; baseline 0.005 -3"><span class='ocrx_word' id='word_1_184' title='bbox 1568 2785 1813 2846; x_wconf 85' lang='lat' dir='ltr'><strong>fundum</strong></span> <span class='ocrx_word' id='word_1_185' title='bbox 1840 2787 2017 2848; x_wconf 85' lang='lat' dir='ltr'><strong>maris</strong></span> <span class='ocrx_word' id='word_1_186' title='bbox 2040 2819 2143 2835; x_wconf 93' lang='lat'><strong>·—-</strong></span> 
     </span>
    </p>

    <p class='ocr_par' dir='ltr' id='par_1_19' title="bbox 1568 2879 2222 3130">
     <span class='ocr_line' id='line_1_58' title="bbox 1568 2879 2222 2943; baseline 0.006 -4"><span class='ocrx_word' id='word_1_187' title='bbox 1568 2881 1591 2914; x_wconf 74' lang='lat'><strong>&#39;⁸</strong></span> <span class='ocrx_word' id='word_1_188' title='bbox 1610 2879 1739 2941; x_wconf 90' lang='lat' dir='ltr'><strong>Uae</strong></span> <span class='ocrx_word' id='word_1_189' title='bbox 1767 2881 1903 2940; x_wconf 87' lang='lat' dir='ltr'><strong>huic</strong></span> <span class='ocrx_word' id='word_1_190' title='bbox 1930 2881 2157 2942; x_wconf 91' lang='lat' dir='ltr'><strong>mundo</strong></span> <span class='ocrx_word' id='word_1_191' title='bbox 2184 2901 2222 2943; x_wconf 86' lang='lat' dir='ltr'><strong>a</strong></span> 
     </span>
     <span class='ocr_line' id='line_1_59' title="bbox 1570 2975 2139 3036; baseline 0.002 -2"><span class='ocrx_word' id='word_1_192' title='bbox 1570 2975 1861 3035; x_wconf 87' lang='lat' dir='ltr'><strong>scandalis</strong></span> <span class='ocrx_word' id='word_1_193' title='bbox 1885 3006 1900 3022; x_wconf 91' lang='lat'><strong>·</strong></span> <span class='ocrx_word' id='word_1_194' title='bbox 1958 2993 2139 3036; x_wconf 88' lang='lat' dir='ltr'><strong>neces</strong></span> 
     </span>
     <span class='ocr_line' id='line_1_60' title="bbox 1570 3069 2113 3130; baseline 0.004 -4"><span class='ocrx_word' id='word_1_195' title='bbox 1570 3087 1634 3128; x_wconf 90' lang='lat' dir='ltr'><strong>se</strong></span> <span class='ocrx_word' id='word_1_196' title='bbox 1662 3069 1817 3127; x_wconf 89' lang='lat' dir='ltr'><strong>enirn</strong></span> <span class='ocrx_word' id='word_1_197' title='bbox 1852 3079 1941 3128; x_wconf 89' lang='lat' dir='ltr'><strong>est</strong></span> <span class='ocrx_word' id='word_1_198' title='bbox 1978 3069 2113 3130; x_wconf 86' lang='lat' dir='ltr'><strong>ueni</strong></span> 
     </span>
    </p>

    <p class='ocr_par' dir='ltr' id='par_1_20' title="bbox 1571 3162 2039 3222">
     <span class='ocr_line' id='line_1_61' title="bbox 1571 3162 2039 3222; baseline 0.004 -2"><span class='ocrx_word' id='word_1_199' title='bbox 1571 3181 1633 3221; x_wconf 91' lang='lat' dir='ltr'><strong>re</strong></span> <span class='ocrx_word' id='word_1_200' title='bbox 1661 3162 2001 3222; x_wconf 87' lang='lat' dir='ltr'><strong>scandalum</strong></span> <span class='ocrx_word' id='word_1_201' title='bbox 2024 3195 2039 3212; x_wconf 92' lang='lat'><strong>·</strong></span> 
     </span>
    </p>
   </div>
   <div class='ocr_carea' id='block_1_10' title="bbox 2369 492 2956 2339">
    <p class='ocr_par' dir='ltr' id='par_1_21' title="bbox 2370 492 2956 1212">
     <span class='ocr_line' id='line_1_62' title="bbox 2376 492 2787 553; baseline 0.007 -2"><span class='ocrx_word' id='word_1_202' title='bbox 2376 492 2472 553; x_wconf 90' lang='lat' dir='ltr'><strong>uel</strong></span> <span class='ocrx_word' id='word_1_203' title='bbox 2500 494 2751 553; x_wconf 85' lang='lat' dir='ltr'><strong>debilem</strong></span> <span class='ocrx_word' id='word_1_204' title='bbox 2771 523 2787 540; x_wconf 93' lang='lat'><strong>·</strong></span> 
     </span>
     <span class='ocr_line' id='line_1_63' title="bbox 2374 589 2860 663; baseline 0.004 -16"><span class='ocrx_word' id='word_1_205' title='bbox 2374 604 2556 663; x_wconf 91' lang='lat' dir='ltr'><strong>quam</strong></span> <span class='ocrx_word' id='word_1_206' title='bbox 2583 589 2730 648; x_wconf 84' lang='lat' dir='ltr'><strong>duas</strong></span> <span class='ocrx_word' id='word_1_207' title='bbox 2759 606 2860 649; x_wconf 85' lang='lat' dir='ltr'><strong>ma</strong></span> 
     </span>
     <span class='ocr_line' id='line_1_64' title="bbox 2373 682 2856 759; baseline 0.006 -21"><span class='ocrx_word' id='word_1_208' title='bbox 2373 699 2484 741; x_wconf 90' lang='lat' dir='ltr'><strong>nus</strong></span> <span class='ocrx_word' id='word_1_209' title='bbox 2516 691 2574 741; x_wconf 88' lang='lat' dir='ltr'><strong>et</strong></span> <span class='ocrx_word' id='word_1_210' title='bbox 2603 682 2754 741; x_wconf 90' lang='lat' dir='ltr'><strong>duos</strong></span> <span class='ocrx_word' id='word_1_211' title='bbox 2779 699 2856 759; x_wconf 88' lang='lat' dir='ltr'><strong>pe</strong></span> 
     </span>
     <span class='ocr_line' id='line_1_65' title="bbox 2373 775 2818 835; baseline -0.004 0"><span class='ocrx_word' id='word_1_212' title='bbox 2373 776 2478 835; x_wconf 91' lang='lat' dir='ltr'><strong>des</strong></span> <span class='ocrx_word' id='word_1_213' title='bbox 2506 775 2818 835; x_wconf 87' lang='lat' dir='ltr'><strong>habentem</strong></span> 
     </span>
     <span class='ocr_line' id='line_1_66' title="bbox 2373 870 2838 945; baseline 0 -16"><span class='ocrx_word' id='word_1_214' title='bbox 2373 870 2524 929; x_wconf 87' lang='lat' dir='ltr'><strong>mitti</strong></span> <span class='ocrx_word' id='word_1_215' title='bbox 2547 870 2609 929; x_wconf 91' lang='lat' dir='ltr'><strong>in</strong></span> <span class='ocrx_word' id='word_1_216' title='bbox 2637 870 2838 945; x_wconf 83' lang='lat' dir='ltr'><strong>ignem</strong></span> 
     </span>
     <span class='ocr_line' id='line_1_67' title="bbox 2373 963 2956 1025; baseline 0.003 -2"><span class='ocrx_word' id='word_1_217' title='bbox 2373 974 2674 1024; x_wconf 88' lang='lat' dir='ltr'><strong>aeternum</strong></span> <span class='ocrx_word' id='word_1_218' title='bbox 2699 996 2714 1012; x_wconf 93' lang='lat'><strong>·</strong></span> <span class='ocrx_word' id='word_1_219' title='bbox 2757 966 2780 999; x_wconf 78' lang='lat'><strong>⁹</strong></span> <span class='ocrx_word' id='word_1_220' title='bbox 2795 963 2874 1024; x_wconf 87' lang='lat' dir='ltr'><strong>Et</strong></span> <span class='ocrx_word' id='word_1_221' title='bbox 2903 964 2956 1025; x_wconf 82' lang='lat' dir='ltr'><strong>si</strong></span> 
     </span>
     <span class='ocr_line' id='line_1_68' title="bbox 2370 1057 2914 1118; baseline -0.002 0"><span class='ocrx_word' id='word_1_222' title='bbox 2370 1057 2579 1118; x_wconf 85' lang='lat' dir='ltr'><strong>oculus</strong></span> <span class='ocrx_word' id='word_1_223' title='bbox 2607 1068 2739 1117; x_wconf 85' lang='lat' dir='ltr'><strong>tuus</strong></span> <span class='ocrx_word' id='word_1_224' title='bbox 2771 1075 2914 1117; x_wconf 83' lang='lat' dir='ltr'><strong>scau</strong></span> 
     </span>
     <span class='ocr_line' id='line_1_69' title="bbox 2370 1151 2868 1212; baseline 0 -1"><span class='ocrx_word' id='word_1_225' title='bbox 2370 1151 2583 1211; x_wconf 82' lang='lat' dir='ltr'><strong>dalizat</strong></span> <span class='ocrx_word' id='word_1_226' title='bbox 2609 1161 2666 1212; x_wconf 92' lang='lat' dir='ltr'><strong>te</strong></span> <span class='ocrx_word' id='word_1_227' title='bbox 2690 1183 2704 1200; x_wconf 90' lang='lat'><strong>·</strong></span> <span class='ocrx_word' id='word_1_228' title='bbox 2763 1170 2868 1212; x_wconf 86' lang='lat' dir='ltr'><strong>eru</strong></span> 
     </span>
    </p>

    <p class='ocr_par' dir='ltr' id='par_1_22' title="bbox 2369 1248 2912 2260">
     <span class='ocr_line' id='line_1_70' title="bbox 2371 1248 2882 1323; baseline 0.002 -18"><span class='ocrx_word' id='word_1_229' title='bbox 2371 1264 2404 1305; x_wconf 90' lang='lat' dir='ltr'><strong>e</strong></span> <span class='ocrx_word' id='word_1_230' title='bbox 2434 1264 2570 1305; x_wconf 89' lang='lat' dir='ltr'><strong>eum</strong></span> <span class='ocrx_word' id='word_1_231' title='bbox 2597 1256 2656 1305; x_wconf 90' lang='lat' dir='ltr'><strong>et</strong></span> <span class='ocrx_word' id='word_1_232' title='bbox 2682 1248 2882 1323; x_wconf 88' lang='lat' dir='ltr'><strong>proice</strong></span> 
     </span>
     <span class='ocr_line' id='line_1_71' title="bbox 2372 1340 2885 1401; baseline 0.002 -3"><span class='ocrx_word' id='word_1_233' title='bbox 2372 1340 2480 1399; x_wconf 88' lang='lat' dir='ltr'><strong>abs</strong></span> <span class='ocrx_word' id='word_1_234' title='bbox 2507 1351 2564 1400; x_wconf 90' lang='lat' dir='ltr'><strong>te</strong></span> <span class='ocrx_word' id='word_1_235' title='bbox 2587 1370 2602 1387; x_wconf 92' lang='lat'><strong>·</strong></span> <span class='ocrx_word' id='word_1_236' title='bbox 2661 1341 2885 1401; x_wconf 89' lang='lat' dir='ltr'><strong>bonum</strong></span> 
     </span>
     <span class='ocr_line' id='line_1_72' title="bbox 2370 1434 2873 1495; baseline 0.002 -3"><span class='ocrx_word' id='word_1_237' title='bbox 2370 1434 2473 1493; x_wconf 88' lang='lat' dir='ltr'><strong>tibi</strong></span> <span class='ocrx_word' id='word_1_238' title='bbox 2499 1443 2588 1494; x_wconf 81' lang='lat' dir='ltr'><strong>est</strong></span> <span class='ocrx_word' id='word_1_239' title='bbox 2621 1452 2806 1495; x_wconf 86' lang='lat' dir='ltr'><strong>unum</strong></span> <span class='ocrx_word' id='word_1_240' title='bbox 2834 1452 2873 1493; x_wconf 95' lang='lat' dir='ltr'><strong>o</strong></span> 
     </span>
     <span class='ocr_line' id='line_1_73' title="bbox 2372 1527 2852 1589; baseline 0 -2"><span class='ocrx_word' id='word_1_241' title='bbox 2372 1528 2568 1587; x_wconf 87' lang='lat' dir='ltr'><strong>culum</strong></span> <span class='ocrx_word' id='word_1_242' title='bbox 2597 1527 2852 1589; x_wconf 69' lang='lat' dir='ltr'><strong>habente</strong></span> 
     </span>
     <span class='ocr_line' id='line_1_74' title="bbox 2369 1621 2912 1682; baseline 0.004 -2"><span class='ocrx_word' id='word_1_243' title='bbox 2369 1621 2430 1680; x_wconf 89' lang='lat' dir='ltr'><strong>in</strong></span> <span class='ocrx_word' id='word_1_244' title='bbox 2459 1623 2642 1681; x_wconf 73' lang='lat' dir='ltr'><strong>uitam</strong></span> <span class='ocrx_word' id='word_1_245' title='bbox 2667 1622 2878 1682; x_wconf 86' lang='lat' dir='ltr'><strong>intrare</strong></span> <span class='ocrx_word' id='word_1_246' title='bbox 2897 1652 2912 1669; x_wconf 93' lang='lat'><strong>·</strong></span> 
     </span>
     <span class='ocr_line' id='line_1_75' title="bbox 2371 1716 2882 1793; baseline 0.004 -20"><span class='ocrx_word' id='word_1_247' title='bbox 2371 1732 2554 1793; x_wconf 89' lang='lat' dir='ltr'><strong>quam</strong></span> <span class='ocrx_word' id='word_1_248' title='bbox 2582 1716 2732 1775; x_wconf 83' lang='lat' dir='ltr'><strong>duos</strong></span> <span class='ocrx_word' id='word_1_249' title='bbox 2765 1734 2882 1777; x_wconf 90' lang='lat' dir='ltr'><strong>ocu</strong></span> 
     </span>
     <span class='ocr_line' id='line_1_76' title="bbox 2371 1808 2804 1870; baseline 0.005 -3"><span class='ocrx_word' id='word_1_250' title='bbox 2371 1808 2460 1869; x_wconf 87' lang='lat' dir='ltr'><strong>los</strong></span> <span class='ocrx_word' id='word_1_251' title='bbox 2493 1808 2804 1870; x_wconf 86' lang='lat' dir='ltr'><strong>habentem</strong></span> 
     </span>
     <span class='ocr_line' id='line_1_77' title="bbox 2371 1902 2908 1980; baseline 0.004 -19"><span class='ocrx_word' id='word_1_252' title='bbox 2371 1904 2520 1963; x_wconf 87' lang='lat' dir='ltr'><strong>mitti</strong></span> <span class='ocrx_word' id='word_1_253' title='bbox 2547 1902 2608 1962; x_wconf 89' lang='lat' dir='ltr'><strong>in</strong></span> <span class='ocrx_word' id='word_1_254' title='bbox 2635 1904 2908 1980; x_wconf 60' lang='lat' dir='ltr'><strong>gehenna</strong></span> 
     </span>
     <span class='ocr_line' id='line_1_78' title="bbox 2371 1996 2876 2073; baseline 0.002 -17"><span class='ocrx_word' id='word_1_255' title='bbox 2371 1996 2524 2073; x_wconf 88' lang='lat' dir='ltr'><strong>ignis</strong></span> <span class='ocrx_word' id='word_1_256' title='bbox 2547 2026 2562 2043; x_wconf 92' lang='lat'><strong>·</strong></span> <span class='ocrx_word' id='word_1_257' title='bbox 2605 1996 2650 2031; x_wconf 85' lang='lat'><strong>¹⁰</strong></span> <span class='ocrx_word' id='word_1_258' title='bbox 2666 1996 2876 2057; x_wconf 90' lang='lat' dir='ltr'><strong>Uidete</strong></span> 
     </span>
     <span class='ocr_line' id='line_1_79' title="bbox 2373 2092 2862 2151; baseline 0.002 -2"><span class='ocrx_word' id='word_1_259' title='bbox 2373 2109 2448 2149; x_wconf 88' lang='lat' dir='ltr'><strong>ne</strong></span> <span class='ocrx_word' id='word_1_260' title='bbox 2476 2092 2862 2151; x_wconf 85' lang='lat' dir='ltr'><strong>contemnatis</strong></span> 
     </span>
     <span class='ocr_line' id='line_1_80' title="bbox 2373 2182 2840 2260; baseline 0 -17"><span class='ocrx_word' id='word_1_261' title='bbox 2373 2202 2556 2243; x_wconf 87' lang='lat' dir='ltr'><strong>unum</strong></span> <span class='ocrx_word' id='word_1_262' title='bbox 2586 2182 2659 2243; x_wconf 90' lang='lat' dir='ltr'><strong>de</strong></span> <span class='ocrx_word' id='word_1_263' title='bbox 2686 2183 2840 2260; x_wconf 85' lang='lat' dir='ltr'><strong>pusil</strong></span> 
     </span>
    </p>

    <p class='ocr_par' dir='ltr' id='par_1_23' title="bbox 2372 2276 2944 2339">
     <span class='ocr_line' id='line_1_81' title="bbox 2372 2276 2944 2339; baseline 0 -2"><span class='ocrx_word' id='word_1_264' title='bbox 2372 2277 2444 2339; x_wconf 85' lang='lat' dir='ltr'><strong>lis</strong></span> <span class='ocrx_word' id='word_1_265' title='bbox 2471 2276 2594 2337; x_wconf 82' lang='lat' dir='ltr'><strong>istis</strong></span> <span class='ocrx_word' id='word_1_266' title='bbox 2611 2306 2626 2325; x_wconf 91' lang='lat'><strong>·</strong></span> <span class='ocrx_word' id='word_1_267' title='bbox 2685 2276 2820 2337; x_wconf 90' lang='lat' dir='ltr'><strong>dico</strong></span> <span class='ocrx_word' id='word_1_268' title='bbox 2845 2283 2944 2337; x_wconf 73' lang='lat' dir='ltr'><strong>eni</strong></span> 
     </span>
    </p>
   </div>
   <div class='ocr_carea' id='block_1_11' title="bbox 2375 2405 3010 3143">
    <p class='ocr_par' dir='ltr' id='par_1_24' title="bbox 2375 2405 3000 2861">
     <span class='ocr_line' id='line_1_82' title="bbox 2375 2405 3000 2484; baseline -0.002 -15"><span class='ocrx_word' id='word_1_269' title='bbox 2375 2407 2546 2469; x_wconf 89' lang='lat' dir='ltr'><strong>uobis</strong></span> <span class='ocrx_word' id='word_1_270' title='bbox 2573 2405 2734 2483; x_wconf 91' lang='lat' dir='ltr'><strong>quod</strong></span> <span class='ocrx_word' id='word_1_271' title='bbox 2759 2424 2914 2484; x_wconf 83' lang='lat' dir='ltr'><strong>ange</strong></span> <span class='ocrx_word' id='word_1_272' title='bbox 2988 2420 3000 2449; x_wconf 75' lang='lat'><strong><em>‘</em></strong></span> 
     </span>
     <span class='ocr_line' id='line_1_83' title="bbox 2375 2500 2938 2562; baseline -0.004 0"><span class='ocrx_word' id='word_1_273' title='bbox 2375 2502 2413 2562; x_wconf 91' lang='lat' dir='ltr'><strong>li</strong></span> <span class='ocrx_word' id='word_1_274' title='bbox 2440 2519 2642 2562; x_wconf 86' lang='lat' dir='ltr'><strong>eorum</strong></span> <span class='ocrx_word' id='word_1_275' title='bbox 2669 2502 2730 2560; x_wconf 91' lang='lat' dir='ltr'><strong>in</strong></span> <span class='ocrx_word' id='word_1_276' title='bbox 2763 2500 2938 2562; x_wconf 86' lang='lat' dir='ltr'><strong>caelis</strong></span> 
     </span>
     <span class='ocr_line' id='line_1_84' title="bbox 2379 2596 2832 2674; baseline 0 -18"><span class='ocrx_word' id='word_1_277' title='bbox 2379 2615 2607 2674; x_wconf 87' lang='lat' dir='ltr'><strong>semper</strong></span> <span class='ocrx_word' id='word_1_278' title='bbox 2633 2596 2832 2656; x_wconf 88' lang='lat' dir='ltr'><strong>uident</strong></span> 
     </span>
     <span class='ocr_line' id='line_1_85' title="bbox 2377 2689 2928 2767; baseline 0.002 -19"><span class='ocrx_word' id='word_1_279' title='bbox 2377 2689 2587 2749; x_wconf 86' lang='lat' dir='ltr'><strong>faciem</strong></span> <span class='ocrx_word' id='word_1_280' title='bbox 2615 2690 2790 2767; x_wconf 84' lang='lat' dir='ltr'><strong>patris</strong></span> <span class='ocrx_word' id='word_1_281' title='bbox 2811 2691 2928 2751; x_wconf 90' lang='lat' dir='ltr'><strong>mei</strong></span> 
     </span>
     <span class='ocr_line' id='line_1_86' title="bbox 2377 2782 2928 2861; baseline 0.002 -20"><span class='ocrx_word' id='word_1_282' title='bbox 2377 2784 2479 2861; x_wconf 90' lang='lat' dir='ltr'><strong>qui</strong></span> <span class='ocrx_word' id='word_1_283' title='bbox 2511 2783 2570 2841; x_wconf 90' lang='lat' dir='ltr'><strong>in</strong></span> <span class='ocrx_word' id='word_1_284' title='bbox 2599 2782 2774 2843; x_wconf 86' lang='lat' dir='ltr'><strong>caelis</strong></span> <span class='ocrx_word' id='word_1_285' title='bbox 2803 2794 2889 2842; x_wconf 88' lang='lat' dir='ltr'><strong>est</strong></span> <span class='ocrx_word' id='word_1_286' title='bbox 2913 2815 2928 2832; x_wconf 90' lang='lat'><strong>·</strong></span> 
     </span>
    </p>

    <p class='ocr_par' dir='ltr' id='par_1_25' title="bbox 2376 2876 2984 3031">
     <span class='ocr_line' id='line_1_87' title="bbox 2377 2876 2984 2938; baseline 0.002 -1"><span class='ocrx_word' id='word_1_287' title='bbox 2377 2876 2420 2911; x_wconf 83' lang='lat'><strong>¹¹</strong></span> <span class='ocrx_word' id='word_1_288' title='bbox 2438 2876 2618 2937; x_wconf 90' lang='lat' dir='ltr'><strong>Uenit</strong></span> <span class='ocrx_word' id='word_1_289' title='bbox 2643 2879 2800 2936; x_wconf 90' lang='lat' dir='ltr'><strong>enim</strong></span> <span class='ocrx_word' id='word_1_290' title='bbox 2833 2877 2984 2938; x_wconf 84' lang='lat' dir='ltr'><strong>filius</strong></span> 
     </span>
     <span class='ocr_line' id='line_1_88' title="bbox 2376 2970 2818 3031; baseline 0.002 -2"><span class='ocrx_word' id='word_1_291' title='bbox 2376 2970 2630 3031; x_wconf 84' lang='lat' dir='ltr'><strong>hominis</strong></span> <span class='ocrx_word' id='word_1_292' title='bbox 2657 2971 2818 3030; x_wconf 85' lang='lat' dir='ltr'><strong>salua</strong></span> 
     </span>
    </p>

    <p class='ocr_par' dir='ltr' id='par_1_26' title="bbox 2376 3065 3010 3143">
     <span class='ocr_line' id='line_1_89' title="bbox 2376 3065 3010 3143; baseline -0.005 -20"><span class='ocrx_word' id='word_1_293' title='bbox 2376 3083 2439 3123; x_wconf 90' lang='lat' dir='ltr'><strong>re</strong></span> <span class='ocrx_word' id='word_1_294' title='bbox 2468 3065 2628 3142; x_wconf 91' lang='lat' dir='ltr'><strong>quod</strong></span> <span class='ocrx_word' id='word_1_295' title='bbox 2656 3066 2906 3143; x_wconf 86' lang='lat' dir='ltr'><strong>perierat</strong></span> <span class='ocrx_word' id='word_1_296' title='bbox 2927 3089 3010 3119; x_wconf 55' lang='lat' dir='ltr'><strong>„e-</strong></span> 
     </span>
    </p>
   </div>
   <div class='ocr_carea' id='block_1_12' title="bbox 2380 3184 2919 3214">
    <p class='ocr_par' dir='ltr' id='par_1_27' title="bbox 2380 3184 2919 3214">
     <span class='ocr_line' id='line_1_90' title="bbox 2380 3184 2919 3214; baseline 0.006 -2"><span class='ocrx_word' id='word_1_297' title='bbox 2380 3184 2919 3214; x_wconf 46' lang='grc' dir='ltr'><strong>ἥθ’-Ψ-</strong></span> 
     </span>
    </p>
   </div>
   <div class='ocr_carea' id='block_1_13' title="bbox 3205 330 3842 403">
    <p class='ocr_par' dir='ltr' id='par_1_28' title="bbox 3205 330 3842 403">
     <span class='ocr_line' id='line_1_91' title="bbox 3205 330 3842 403; baseline 0.006 -18"><span class='ocrx_word' id='word_1_298' title='bbox 3205 330 3731 401; x_wconf 80' lang='lat' dir='ltr'>[xv11.24-xv111.</span> <span class='ocrx_word' id='word_1_299' title='bbox 3762 350 3842 403; x_wconf 68' lang='grc' dir='ltr'><strong>ις.</strong></span> 
     </span>
    </p>
   </div>
   <div class='ocr_carea' id='block_1_14' title="bbox 3124 492 3834 2341">
    <p class='ocr_par' dir='ltr' id='par_1_29' title="bbox 3124 492 3702 1416">
     <span class='ocr_line' id='line_1_92' title="bbox 3131 492 3694 557; baseline 0.007 -4"><span class='ocrx_word' id='word_1_300' title='bbox 3131 492 3332 553; x_wconf 79' lang='lat' dir='ltr'><strong>Amen</strong></span> <span class='ocrx_word' id='word_1_301' title='bbox 3359 495 3496 555; x_wconf 91' lang='lat' dir='ltr'><strong>dico</strong></span> <span class='ocrx_word' id='word_1_302' title='bbox 3523 496 3694 557; x_wconf 84' lang='lat' dir='ltr'><strong>uobis</strong></span> 
     </span>
     <span class='ocr_line' id='line_1_93' title="bbox 3132 588 3682 666; baseline 0.009 -20"><span class='ocrx_word' id='word_1_303' title='bbox 3132 588 3292 666; x_wconf 91' lang='lat' dir='ltr'><strong>quod</strong></span> <span class='ocrx_word' id='word_1_304' title='bbox 3317 589 3596 666; x_wconf 87' lang='lat' dir='ltr'><strong>gaudebit</strong></span> <span class='ocrx_word' id='word_1_305' title='bbox 3619 590 3682 651; x_wconf 90' lang='lat' dir='ltr'><strong>in</strong></span> 
     </span>
     <span class='ocr_line' id='line_1_94' title="bbox 3130 684 3694 763; baseline 0.009 -23"><span class='ocrx_word' id='word_1_306' title='bbox 3130 700 3266 741; x_wconf 89' lang='lat' dir='ltr'><strong>eam</strong></span> <span class='ocrx_word' id='word_1_307' title='bbox 3295 684 3485 761; x_wconf 85' lang='lat' dir='ltr'><strong>magis</strong></span> <span class='ocrx_word' id='word_1_308' title='bbox 3511 702 3694 763; x_wconf 86' lang='lat' dir='ltr'><strong>quam</strong></span> 
     </span>
     <span class='ocr_line' id='line_1_95' title="bbox 3129 774 3628 853; baseline 0.008 -19"><span class='ocrx_word' id='word_1_309' title='bbox 3129 774 3192 834; x_wconf 91' lang='lat' dir='ltr'><strong>in</strong></span> <span class='ocrx_word' id='word_1_310' title='bbox 3218 778 3544 853; x_wconf 84' lang='lat' dir='ltr'><strong>nonaginta</strong></span> <span class='ocrx_word' id='word_1_311' title='bbox 3568 788 3628 838; x_wconf 91' lang='lat' dir='ltr'><strong>et</strong></span> 
     </span>
     <span class='ocr_line' id='line_1_96' title="bbox 3130 886 3682 947; baseline 0.007 -20"><span class='ocrx_word' id='word_1_312' title='bbox 3130 886 3346 928; x_wconf 87' lang='lat' dir='ltr'><strong>nouem</strong></span> <span class='ocrx_word' id='word_1_313' title='bbox 3373 888 3526 947; x_wconf 80' lang='lat' dir='ltr'><strong>quae</strong></span> <span class='ocrx_word' id='word_1_314' title='bbox 3559 889 3682 931; x_wconf 89' lang='lat' dir='ltr'><strong>non</strong></span> 
     </span>
     <span class='ocr_line' id='line_1_97' title="bbox 3124 964 3700 1027; baseline 0.009 -5"><span class='ocrx_word' id='word_1_315' title='bbox 3124 976 3460 1025; x_wconf 86' lang='lat' dir='ltr'><strong>errauerunt</strong></span> <span class='ocrx_word' id='word_1_316' title='bbox 3483 996 3498 1013; x_wconf 91' lang='lat'><strong>·</strong></span> <span class='ocrx_word' id='word_1_317' title='bbox 3539 964 3586 999; x_wconf 79' lang='lat'><strong>¹⁴</strong></span> <span class='ocrx_word' id='word_1_318' title='bbox 3603 965 3700 1027; x_wconf 89' lang='lat' dir='ltr'><strong>Sic</strong></span> 
     </span>
     <span class='ocr_line' id='line_1_98' title="bbox 3127 1058 3668 1121; baseline 0.011 -6"><span class='ocrx_word' id='word_1_319' title='bbox 3127 1074 3252 1117; x_wconf 90' lang='lat' dir='ltr'><strong>non</strong></span> <span class='ocrx_word' id='word_1_320' title='bbox 3279 1067 3368 1117; x_wconf 90' lang='lat' dir='ltr'><strong>est</strong></span> <span class='ocrx_word' id='word_1_321' title='bbox 3395 1058 3668 1121; x_wconf 81' lang='lat' dir='ltr'><strong>uoluntas</strong></span> 
     </span>
     <span class='ocr_line' id='line_1_99' title="bbox 3127 1159 3650 1227; baseline 0.002 -16"><span class='ocrx_word' id='word_1_322' title='bbox 3127 1159 3265 1211; x_wconf 88' lang='lat' dir='ltr'><strong>ante</strong></span> <span class='ocrx_word' id='word_1_323' title='bbox 3291 1162 3520 1227; x_wconf 87' lang='lat' dir='ltr'><strong>patrem</strong></span> <span class='ocrx_word' id='word_1_324' title='bbox 3546 1170 3650 1212; x_wconf 89' lang='lat' dir='ltr'><strong>ues</strong></span> 
     </span>
     <span class='ocr_line' id='line_1_100' title="bbox 3127 1246 3702 1322; baseline 0.009 -20"><span class='ocrx_word' id='word_1_325' title='bbox 3127 1253 3282 1303; x_wconf 89' lang='lat' dir='ltr'><strong>trum</strong></span> <span class='ocrx_word' id='word_1_326' title='bbox 3311 1246 3412 1322; x_wconf 89' lang='lat' dir='ltr'><strong>qui</strong></span> <span class='ocrx_word' id='word_1_327' title='bbox 3436 1246 3498 1305; x_wconf 89' lang='lat' dir='ltr'><strong>in</strong></span> <span class='ocrx_word' id='word_1_328' title='bbox 3525 1246 3702 1307; x_wconf 82' lang='lat' dir='ltr'><strong>caelis</strong></span> 
     </span>
     <span class='ocr_line' id='line_1_101' title="bbox 3128 1348 3630 1416; baseline 0.004 -19"><span class='ocrx_word' id='word_1_329' title='bbox 3128 1348 3217 1397; x_wconf 88' lang='lat' dir='ltr'><strong>est</strong></span> <span class='ocrx_word' id='word_1_330' title='bbox 3272 1348 3336 1398; x_wconf 92' lang='lat' dir='ltr'><strong>ut</strong></span> <span class='ocrx_word' id='word_1_331' title='bbox 3364 1350 3562 1416; x_wconf 87' lang='lat' dir='ltr'><strong>pereat</strong></span> <span class='ocrx_word' id='word_1_332' title='bbox 3587 1358 3630 1399; x_wconf 92' lang='lat' dir='ltr'><strong>u</strong></span> 
     </span>
    </p>

    <p class='ocr_par' dir='ltr' id='par_1_30' title="bbox 3129 1434 3662 1509">
     <span class='ocr_line' id='line_1_102' title="bbox 3129 1434 3662 1509; baseline 0.009 -19"><span class='ocrx_word' id='word_1_333' title='bbox 3129 1449 3239 1491; x_wconf 88' lang='lat' dir='ltr'><strong>nus</strong></span> <span class='ocrx_word' id='word_1_334' title='bbox 3265 1450 3339 1491; x_wconf 86' lang='lat' dir='ltr'><strong>ex</strong></span> <span class='ocrx_word' id='word_1_335' title='bbox 3362 1434 3585 1509; x_wconf 84' lang='lat' dir='ltr'><strong>pusillis</strong></span> <span class='ocrx_word' id='word_1_336' title='bbox 3613 1435 3662 1495; x_wconf 83' lang='lat' dir='ltr'><strong>is</strong></span> 
     </span>
    </p>

    <p class='ocr_par' dir='ltr' id='par_1_31' title="bbox 3127 1526 3772 1682">
     <span class='ocr_line' id='line_1_103' title="bbox 3128 1526 3772 1607; baseline 0.006 -22"><span class='ocrx_word' id='word_1_337' title='bbox 3128 1527 3200 1586; x_wconf 84' lang='lat' dir='ltr'><strong>tis</strong></span> <span class='ocrx_word' id='word_1_338' title='bbox 3225 1558 3240 1573; x_wconf 92' lang='lat'><strong>·</strong></span> <span class='ocrx_word' id='word_1_339' title='bbox 3283 1526 3328 1560; x_wconf 79' lang='lat'><strong>¹⁶</strong></span> <span class='ocrx_word' id='word_1_340' title='bbox 3347 1526 3408 1586; x_wconf 93' lang='lat' dir='ltr'><strong>Si</strong></span> <span class='ocrx_word' id='word_1_341' title='bbox 3436 1538 3632 1588; x_wconf 84' lang='lat' dir='ltr'><strong>autem</strong></span> <span class='ocrx_word' id='word_1_342' title='bbox 3665 1540 3772 1607; x_wconf 73' lang='lat' dir='ltr'><strong>p0c</strong></span> 
     </span>
     <span class='ocr_line' id='line_1_104' title="bbox 3127 1620 3629 1682; baseline 0.008 -4"><span class='ocrx_word' id='word_1_343' title='bbox 3127 1620 3344 1680; x_wconf 88' lang='lat' dir='ltr'><strong>cauerit</strong></span> <span class='ocrx_word' id='word_1_344' title='bbox 3369 1620 3430 1679; x_wconf 92' lang='lat' dir='ltr'><strong>in</strong></span> <span class='ocrx_word' id='word_1_345' title='bbox 3459 1629 3517 1682; x_wconf 88' lang='lat' dir='ltr'><strong>te</strong></span> <span class='ocrx_word' id='word_1_346' title='bbox 3543 1622 3629 1682; x_wconf 80' lang='lat' dir='ltr'><strong>fra</strong></span> 
     </span>
    </p>

    <p class='ocr_par' dir='ltr' id='par_1_32' title="bbox 3127 1715 3587 1776">
     <span class='ocr_line' id='line_1_105' title="bbox 3127 1715 3587 1776; baseline 0.007 -3"><span class='ocrx_word' id='word_1_347' title='bbox 3127 1727 3215 1773; x_wconf 90' lang='lat' dir='ltr'><strong>ter</strong></span> <span class='ocrx_word' id='word_1_348' title='bbox 3239 1722 3373 1773; x_wconf 85' lang='lat' dir='ltr'><strong>tuus</strong></span> <span class='ocrx_word' id='word_1_349' title='bbox 3431 1715 3587 1776; x_wconf 84' lang='lat' dir='ltr'><strong>uade</strong></span> 
     </span>
    </p>

    <p class='ocr_par' dir='ltr' id='par_1_33' title="bbox 3127 1808 3834 2341">
     <span class='ocr_line' id='line_1_106' title="bbox 3127 1808 3734 1885; baseline 0.007 -19"><span class='ocrx_word' id='word_1_350' title='bbox 3127 1817 3186 1866; x_wconf 91' lang='lat' dir='ltr'><strong>et</strong></span> <span class='ocrx_word' id='word_1_351' title='bbox 3213 1808 3411 1885; x_wconf 89' lang='lat' dir='ltr'><strong>coripe</strong></span> <span class='ocrx_word' id='word_1_352' title='bbox 3441 1826 3578 1869; x_wconf 86' lang='lat' dir='ltr'><strong>eum</strong></span> <span class='ocrx_word' id='word_1_353' title='bbox 3597 1842 3613 1857; x_wconf 92' lang='lat'><strong>·</strong></span> <span class='ocrx_word' id='word_1_354' title='bbox 3673 1812 3734 1870; x_wconf 90' lang='lat' dir='ltr'><strong>in</strong></span> 
     </span>
     <span class='ocr_line' id='line_1_107' title="bbox 3127 1902 3704 1979; baseline 0.009 -19"><span class='ocrx_word' id='word_1_355' title='bbox 3127 1910 3214 1960; x_wconf 90' lang='lat' dir='ltr'><strong>ter</strong></span> <span class='ocrx_word' id='word_1_356' title='bbox 3241 1912 3299 1961; x_wconf 88' lang='lat' dir='ltr'><strong>te</strong></span> <span class='ocrx_word' id='word_1_357' title='bbox 3327 1912 3384 1962; x_wconf 92' lang='lat' dir='ltr'><strong>et</strong></span> <span class='ocrx_word' id='word_1_358' title='bbox 3411 1902 3606 1979; x_wconf 86' lang='lat' dir='ltr'><strong>ipsum</strong></span> <span class='ocrx_word' id='word_1_359' title='bbox 3635 1922 3704 1965; x_wconf 84' lang='lat' dir='ltr'><strong>so</strong></span> 
     </span>
     <span class='ocr_line' id='line_1_108' title="bbox 3127 1994 3704 2060; baseline 0.009 -5"><span class='ocrx_word' id='word_1_360' title='bbox 3127 1994 3252 2055; x_wconf 88' lang='lat' dir='ltr'><strong>lum</strong></span> <span class='ocrx_word' id='word_1_361' title='bbox 3272 2026 3288 2043; x_wconf 92' lang='lat'><strong>·</strong></span> <span class='ocrx_word' id='word_1_362' title='bbox 3355 1995 3419 2056; x_wconf 89' lang='lat' dir='ltr'><strong>Si</strong></span> <span class='ocrx_word' id='word_1_363' title='bbox 3446 2007 3506 2056; x_wconf 89' lang='lat' dir='ltr'><strong>te</strong></span> <span class='ocrx_word' id='word_1_364' title='bbox 3533 1998 3704 2060; x_wconf 88' lang='lat' dir='ltr'><strong>audie</strong></span> 
     </span>
     <span class='ocr_line' id='line_1_109' title="bbox 3127 2090 3572 2152; baseline 0.009 -4"><span class='ocrx_word' id='word_1_365' title='bbox 3127 2090 3199 2149; x_wconf 89' lang='lat' dir='ltr'><strong>rit</strong></span> <span class='ocrx_word' id='word_1_366' title='bbox 3225 2090 3480 2151; x_wconf 84' lang='lat' dir='ltr'><strong>lucratus</strong></span> <span class='ocrx_word' id='word_1_367' title='bbox 3505 2110 3572 2152; x_wconf 88' lang='lat' dir='ltr'><strong>es</strong></span> 
     </span>
     <span class='ocr_line' id='line_1_110' title="bbox 3129 2183 3590 2245; baseline 0.007 -3"><span class='ocrx_word' id='word_1_368' title='bbox 3129 2183 3364 2243; x_wconf 83' lang='lat' dir='ltr'><strong>fratrem</strong></span> <span class='ocrx_word' id='word_1_369' title='bbox 3391 2195 3556 2245; x_wconf 90' lang='lat' dir='ltr'><strong>tuum</strong></span> <span class='ocrx_word' id='word_1_370' title='bbox 3573 2218 3590 2235; x_wconf 92' lang='lat'><strong>·</strong></span> 
     </span>
     <span class='ocr_line' id='line_1_111' title="bbox 3129 2276 3834 2341; baseline 0.007 -5"><span class='ocrx_word' id='word_1_371' title='bbox 3129 2276 3436 2337; x_wconf 74' lang='lat' dir='ltr'><strong>¹‘Siautem</strong></span> <span class='ocrx_word' id='word_1_372' title='bbox 3444 2298 3566 2341; x_wconf 92' lang='lat' dir='ltr'><strong>non</strong></span> <span class='ocrx_word' id='word_1_373' title='bbox 3577 2280 3834 2341; x_wconf 74' lang='lat' dir='ltr'><strong>audierit·</strong></span> 
     </span>
    </p>
   </div>
   <div class='ocr_carea' id='block_1_15' title="bbox 3131 2410 3804 3225">
    <p class='ocr_par' dir='ltr' id='par_1_34' title="bbox 3131 2410 3686 2568">
     <span class='ocr_line' id='line_1_112' title="bbox 3131 2410 3672 2474; baseline 0.009 -5"><span class='ocrx_word' id='word_1_374' title='bbox 3131 2410 3344 2471; x_wconf 82' lang='lat' dir='ltr'><strong>adhibe</strong></span> <span class='ocrx_word' id='word_1_375' title='bbox 3371 2420 3568 2473; x_wconf 89' lang='lat' dir='ltr'><strong>tecum</strong></span> <span class='ocrx_word' id='word_1_376' title='bbox 3594 2414 3672 2474; x_wconf 84' lang='lat' dir='ltr'><strong>ad</strong></span> 
     </span>
     <span class='ocr_line' id='line_1_113' title="bbox 3133 2504 3686 2568; baseline 0.009 -5"><span class='ocrx_word' id='word_1_377' title='bbox 3133 2504 3244 2564; x_wconf 91' lang='lat' dir='ltr'><strong>huc</strong></span> <span class='ocrx_word' id='word_1_378' title='bbox 3273 2523 3458 2566; x_wconf 86' lang='lat' dir='ltr'><strong>unum</strong></span> <span class='ocrx_word' id='word_1_379' title='bbox 3485 2507 3580 2568; x_wconf 89' lang='lat' dir='ltr'><strong>uel</strong></span> <span class='ocrx_word' id='word_1_380' title='bbox 3608 2506 3686 2568; x_wconf 83' lang='lat' dir='ltr'><strong>du</strong></span> 
     </span>
    </p>

    <p class='ocr_par' dir='ltr' id='par_1_35' title="bbox 3131 2601 3770 2849">
     <span class='ocr_line' id='line_1_114' title="bbox 3131 2601 3770 2663; baseline 0.008 -5"><span class='ocrx_word' id='word_1_381' title='bbox 3131 2615 3200 2658; x_wconf 89' lang='lat' dir='ltr'><strong>os</strong></span> <span class='ocrx_word' id='word_1_382' title='bbox 3221 2631 3236 2646; x_wconf 89' lang='lat'><strong>·</strong></span> <span class='ocrx_word' id='word_1_383' title='bbox 3295 2611 3358 2660; x_wconf 90' lang='lat' dir='ltr'><strong>ut</strong></span> <span class='ocrx_word' id='word_1_384' title='bbox 3385 2601 3444 2660; x_wconf 89' lang='lat' dir='ltr'><strong>in</strong></span> <span class='ocrx_word' id='word_1_385' title='bbox 3475 2619 3578 2662; x_wconf 88' lang='lat' dir='ltr'><strong>ore</strong></span> <span class='ocrx_word' id='word_1_386' title='bbox 3607 2603 3770 2663; x_wconf 73' lang='lat' dir='ltr'><strong>duu‘·</strong></span> 
     </span>
     <span class='ocr_line' id='line_1_115' title="bbox 3131 2693 3684 2756; baseline 0.009 -5"><span class='ocrx_word' id='word_1_387' title='bbox 3131 2693 3226 2752; x_wconf 86' lang='lat' dir='ltr'><strong>uel</strong></span> <span class='ocrx_word' id='word_1_388' title='bbox 3254 2694 3426 2754; x_wconf 88' lang='lat' dir='ltr'><strong>trium</strong></span> <span class='ocrx_word' id='word_1_389' title='bbox 3454 2697 3684 2756; x_wconf 87' lang='lat' dir='ltr'><strong>testium</strong></span> 
     </span>
     <span class='ocr_line' id='line_1_116' title="bbox 3133 2791 3706 2849; baseline 0.007 -3"><span class='ocrx_word' id='word_1_390' title='bbox 3133 2797 3242 2847; x_wconf 87' lang='lat' dir='ltr'><strong>stet</strong></span> <span class='ocrx_word' id='word_1_391' title='bbox 3269 2805 3450 2848; x_wconf 88' lang='lat' dir='ltr'><strong>omne</strong></span> <span class='ocrx_word' id='word_1_392' title='bbox 3481 2791 3666 2849; x_wconf 70' lang='lat' dir='ltr'><strong>uerbss</strong></span> <span class='ocrx_word' id='word_1_393' title='bbox 3687 2822 3706 2840; x_wconf 86' lang='lat'><strong>·</strong></span> 
     </span>
    </p>

    <p class='ocr_par' dir='ltr' id='par_1_36' title="bbox 3131 2879 3804 3225">
     <span class='ocr_line' id='line_1_117' title="bbox 3131 2879 3804 2954; baseline 0.012 -16"><span class='ocrx_word' id='word_1_394' title='bbox 3131 2880 3176 2914; x_wconf 74' lang='lat'><strong>²⁷</strong></span> <span class='ocrx_word' id='word_1_395' title='bbox 3193 2879 3376 2954; x_wconf 88' lang='lat' dir='ltr'><strong>Quod</strong></span> <span class='ocrx_word' id='word_1_396' title='bbox 3404 2883 3453 2942; x_wconf 91' lang='lat' dir='ltr'><strong>si</strong></span> <span class='ocrx_word' id='word_1_397' title='bbox 3481 2902 3604 2944; x_wconf 90' lang='lat' dir='ltr'><strong>non</strong></span> <span class='ocrx_word' id='word_1_398' title='bbox 3631 2885 3804 2946; x_wconf 87' lang='lat' dir='ltr'><strong>audie</strong></span> 
     </span>
     <span class='ocr_line' id='line_1_118' title="bbox 3131 2975 3760 3039; baseline 0.01 -6"><span class='ocrx_word' id='word_1_399' title='bbox 3131 2975 3204 3034; x_wconf 89' lang='lat' dir='ltr'><strong>rit</strong></span> <span class='ocrx_word' id='word_1_400' title='bbox 3230 2993 3336 3035; x_wconf 90' lang='lat' dir='ltr'><strong>eos</strong></span> <span class='ocrx_word' id='word_1_401' title='bbox 3393 2975 3488 3036; x_wconf 89' lang='lat' dir='ltr'><strong>dic</strong></span> <span class='ocrx_word' id='word_1_402' title='bbox 3515 2978 3760 3039; x_wconf 85' lang='lat' dir='ltr'><strong>ecclesie</strong></span> 
     </span>
     <span class='ocr_line' id='line_1_119' title="bbox 3134 3067 3758 3133; baseline 0.008 -5"><span class='ocrx_word' id='word_1_403' title='bbox 3134 3067 3194 3128; x_wconf 91' lang='lat' dir='ltr'><strong>Si</strong></span> <span class='ocrx_word' id='word_1_404' title='bbox 3222 3081 3421 3129; x_wconf 90' lang='lat' dir='ltr'><strong>autem</strong></span> <span class='ocrx_word' id='word_1_405' title='bbox 3447 3072 3758 3133; x_wconf 85' lang='lat' dir='ltr'><strong>ecclesiam</strong></span> 
     </span>
     <span class='ocr_line' id='line_1_120' title="bbox 3132 3163 3558 3225; baseline 0.009 -4"><span class='ocrx_word' id='word_1_406' title='bbox 3132 3181 3255 3221; x_wconf 91' lang='lat' dir='ltr'><strong>non</strong></span> <span class='ocrx_word' id='word_1_407' title='bbox 3281 3163 3522 3225; x_wconf 86' lang='lat' dir='ltr'><strong>audierit</strong></span> <span class='ocrx_word' id='word_1_408' title='bbox 3543 3196 3558 3213; x_wconf 93' lang='lat'><strong>·</strong></span> 
     </span>
    </p>
   </div>
   <div class='ocr_carea' id='block_1_16' title="bbox 3863 507 4150 557">
    <p class='ocr_par' dir='ltr' id='par_1_37' title="bbox 3863 507 4150 557">
     <span class='ocr_line' id='line_1_121' title="bbox 3863 507 4150 557; baseline 0 -2"><span class='ocrx_word' id='word_1_409' title='bbox 3863 507 4010 557; x_wconf 74' lang='lat' dir='ltr'><strong>rol.</strong></span> <span class='ocrx_word' id='word_1_410' title='bbox 4037 508 4150 557; x_wconf 73' lang='lat'><strong>4⁰1.</strong></span> 
     </span>
    </p>
   </div>
   <div class='ocr_carea' id='block_1_17' title="bbox 4331 2557 4337 3166">
    <p class='ocr_par' dir='ltr' id='par_1_38' title="bbox 4331 2557 4337 3166">
     <span class='ocr_line' id='line_1_122' title="bbox 4331 2557 4337 3166; baseline 0 0"><span class='ocrx_word' id='word_1_411' title='bbox 4331 2557 4337 3166; x_wconf 95' lang='lat' dir='ltr'><strong> </strong></span> 
     </span>
    </p>
   </div>
   <div class='ocr_carea' id='block_1_18' title="bbox 2323 3250 3044 4348">
    <p class='ocr_par' dir='ltr' id='par_1_39' title="bbox 2325 3250 3044 3325">
     <span class='ocr_line' id='line_1_123' title="bbox 2325 3250 3044 3325; baseline 0.006 -16"><span class='ocrx_word' id='word_1_412' title='bbox 2325 3250 2356 3284; x_wconf 84' lang='grc'><strong><em>*</em></strong></span> <span class='ocrx_word' id='word_1_413' title='bbox 2379 3251 2424 3288; x_wconf 80' lang='lat'><strong>¹²</strong></span> <span class='ocrx_word' id='word_1_414' title='bbox 2440 3250 2601 3325; x_wconf 91' lang='lat' dir='ltr'><strong>Quid</strong></span> <span class='ocrx_word' id='word_1_415' title='bbox 2620 3253 2790 3312; x_wconf 88' lang='lat' dir='ltr'><strong>uobis</strong></span> <span class='ocrx_word' id='word_1_416' title='bbox 2816 3254 3044 3313; x_wconf 87' lang='lat' dir='ltr'><strong>uidetur</strong></span> 
     </span>
    </p>

    <p class='ocr_par' dir='ltr' id='par_1_40' title="bbox 2325 3343 2846 3407">
     <span class='ocr_line' id='line_1_124' title="bbox 2325 3343 2846 3407; baseline 0.002 -2"><span class='ocrx_word' id='word_1_417' title='bbox 2325 3343 2355 3377; x_wconf 73' lang='lat'><strong>&#39;⁸</strong></span> <span class='ocrx_word' id='word_1_418' title='bbox 2378 3346 2426 3406; x_wconf 87' lang='lat' dir='ltr'><strong>si</strong></span> <span class='ocrx_word' id='word_1_419' title='bbox 2451 3345 2658 3405; x_wconf 86' lang='lat' dir='ltr'><strong>fuerint</strong></span> <span class='ocrx_word' id='word_1_420' title='bbox 2683 3344 2846 3407; x_wconf 90' lang='lat' dir='ltr'><strong>homi</strong></span> 
     </span>
    </p>

    <p class='ocr_par' dir='ltr' id='par_1_41' title="bbox 2323 3440 2916 3501">
     <span class='ocr_line' id='line_1_125' title="bbox 2323 3440 2916 3501; baseline 0.007 -4"><span class='ocrx_word' id='word_1_421' title='bbox 2323 3441 2358 3474; x_wconf 71' lang='lat'><strong>⁴*</strong></span> <span class='ocrx_word' id='word_1_422' title='bbox 2381 3440 2442 3498; x_wconf 91' lang='lat' dir='ltr'><strong>ni</strong></span> <span class='ocrx_word' id='word_1_423' title='bbox 2470 3451 2708 3500; x_wconf 87' lang='lat' dir='ltr'><strong>centum</strong></span> <span class='ocrx_word' id='word_1_424' title='bbox 2735 3458 2878 3501; x_wconf 88' lang='lat' dir='ltr'><strong>oues</strong></span> <span class='ocrx_word' id='word_1_425' title='bbox 2901 3473 2916 3489; x_wconf 93' lang='lat'><strong>·</strong></span> 
     </span>
    </p>

    <p class='ocr_par' dir='ltr' id='par_1_42' title="bbox 2325 3532 2875 3595">
     <span class='ocr_line' id='line_1_126' title="bbox 2325 3532 2875 3595; baseline 0.004 -3"><span class='ocrx_word' id='word_1_426' title='bbox 2325 3532 2356 3566; x_wconf 74' lang='lat'><strong>&#39;³‘</strong></span> <span class='ocrx_word' id='word_1_427' title='bbox 2379 3545 2438 3594; x_wconf 90' lang='lat' dir='ltr'><strong>et</strong></span> <span class='ocrx_word' id='word_1_428' title='bbox 2462 3536 2732 3595; x_wconf 88' lang='lat' dir='ltr'><strong>errauerit</strong></span> <span class='ocrx_word' id='word_1_429' title='bbox 2756 3553 2875 3594; x_wconf 86' lang='lat' dir='ltr'><strong>una</strong></span> 
     </span>
    </p>

    <p class='ocr_par' dir='ltr' id='par_1_43' title="bbox 2327 3625 3021 4271">
     <span class='ocr_line' id='line_1_127' title="bbox 2327 3625 2884 3690; baseline 0.007 -4"><span class='ocrx_word' id='word_1_430' title='bbox 2327 3625 2357 3659; x_wconf 83' lang='lat'><strong>&#39;⁸¹</strong></span> <span class='ocrx_word' id='word_1_431' title='bbox 2379 3646 2453 3687; x_wconf 82' lang='lat' dir='ltr'><strong>ex</strong></span> <span class='ocrx_word' id='word_1_432' title='bbox 2481 3628 2566 3688; x_wconf 88' lang='lat' dir='ltr'><strong>eis</strong></span> <span class='ocrx_word' id='word_1_433' title='bbox 2585 3661 2599 3675; x_wconf 94' lang='lat'><strong>·</strong></span> <span class='ocrx_word' id='word_1_434' title='bbox 2665 3626 2884 3690; x_wconf 87' lang='lat' dir='ltr'><strong>Nonne</strong></span> 
     </span>
     <span class='ocr_line' id='line_1_128' title="bbox 2375 3722 2818 3799; baseline 0.007 -18"><span class='ocrx_word' id='word_1_435' title='bbox 2375 3722 2710 3799; x_wconf 87' lang='lat' dir='ltr'><strong>relinquens</strong></span> <span class='ocrx_word' id='word_1_436' title='bbox 2736 3742 2818 3784; x_wconf 92' lang='lat' dir='ltr'><strong>no</strong></span> 
     </span>
     <span class='ocr_line' id='line_1_129' title="bbox 2377 3817 2862 3893; baseline 0.006 -19"><span class='ocrx_word' id='word_1_437' title='bbox 2377 3817 2618 3893; x_wconf 86' lang='lat' dir='ltr'><strong>naginta</strong></span> <span class='ocrx_word' id='word_1_438' title='bbox 2645 3834 2862 3877; x_wconf 87' lang='lat' dir='ltr'><strong>nouem</strong></span> 
     </span>
     <span class='ocr_line' id='line_1_130' title="bbox 2376 3909 2895 3972; baseline 0.008 -4"><span class='ocrx_word' id='word_1_439' title='bbox 2376 3909 2439 3968; x_wconf 91' lang='lat' dir='ltr'><strong>in</strong></span> <span class='ocrx_word' id='word_1_440' title='bbox 2467 3911 2764 3972; x_wconf 86' lang='lat' dir='ltr'><strong>montibus</strong></span> <span class='ocrx_word' id='word_1_441' title='bbox 2817 3929 2895 3971; x_wconf 88' lang='lat' dir='ltr'><strong>ua</strong></span> 
     </span>
     <span class='ocr_line' id='line_1_131' title="bbox 2378 4005 2840 4082; baseline 0 -18"><span class='ocrx_word' id='word_1_442' title='bbox 2378 4005 2526 4065; x_wconf 85' lang='lat' dir='ltr'><strong>dens</strong></span> <span class='ocrx_word' id='word_1_443' title='bbox 2553 4006 2741 4082; x_wconf 89' lang='lat' dir='ltr'><strong>querit</strong></span> <span class='ocrx_word' id='word_1_444' title='bbox 2777 4024 2840 4066; x_wconf 87' lang='lat' dir='ltr'><strong>er</strong></span> 
     </span>
     <span class='ocr_line' id='line_1_132' title="bbox 2378 4100 3021 4160; baseline 0.003 -2"><span class='ocrx_word' id='word_1_445' title='bbox 2378 4109 2604 4159; x_wconf 88' lang='lat' dir='ltr'><strong>rantem</strong></span> <span class='ocrx_word' id='word_1_446' title='bbox 2623 4131 2638 4147; x_wconf 93' lang='lat'><strong>·</strong></span> <span class='ocrx_word' id='word_1_447' title='bbox 2683 4101 2726 4134; x_wconf 85' lang='lat'><strong>²⁸</strong></span> <span class='ocrx_word' id='word_1_448' title='bbox 2743 4111 2801 4160; x_wconf 90' lang='lat' dir='ltr'><strong>et</strong></span> <span class='ocrx_word' id='word_1_449' title='bbox 2829 4100 2877 4160; x_wconf 91' lang='lat' dir='ltr'><strong>si</strong></span> <span class='ocrx_word' id='word_1_450' title='bbox 2905 4119 3021 4160; x_wconf 92' lang='lat' dir='ltr'><strong>con</strong></span> 
     </span>
     <span class='ocr_line' id='line_1_133' title="bbox 2378 4193 2945 4271; baseline 0.004 -19"><span class='ocrx_word' id='word_1_451' title='bbox 2378 4193 2568 4271; x_wconf 83' lang='lat' dir='ltr'><strong>tigerit</strong></span> <span class='ocrx_word' id='word_1_452' title='bbox 2595 4204 2661 4255; x_wconf 86' lang='lat' dir='ltr'><strong>ut</strong></span> <span class='ocrx_word' id='word_1_453' title='bbox 2686 4195 2945 4254; x_wconf 88' lang='lat' dir='ltr'><strong>inueniat</strong></span> 
     </span>
    </p>

    <p class='ocr_par' dir='ltr' id='par_1_44' title="bbox 2786 4306 2920 4348">
     <span class='ocr_line' id='line_1_134' title="bbox 2786 4306 2920 4348; baseline -0.007 0"><span class='ocrx_word' id='word_1_454' title='bbox 2786 4306 2920 4348; x_wconf 86' lang='lat' dir='ltr'><strong>eam</strong></span> 
     </span>
    </p>
   </div>
   <div class='ocr_carea' id='block_1_19' title="bbox 3130 3257 3742 3713">
    <p class='ocr_par' dir='ltr' id='par_1_45' title="bbox 3130 3257 3742 3713">
     <span class='ocr_line' id='line_1_135' title="bbox 3133 3257 3659 3320; baseline 0.013 -6"><span class='ocrx_word' id='word_1_455' title='bbox 3133 3258 3206 3315; x_wconf 90' lang='lat' dir='ltr'><strong>sit</strong></span> <span class='ocrx_word' id='word_1_456' title='bbox 3234 3257 3334 3316; x_wconf 90' lang='lat' dir='ltr'><strong>tibi</strong></span> <span class='ocrx_word' id='word_1_457' title='bbox 3365 3259 3515 3320; x_wconf 90' lang='lat' dir='ltr'><strong>sicut</strong></span> <span class='ocrx_word' id='word_1_458' title='bbox 3539 3263 3659 3320; x_wconf 86' lang='lat' dir='ltr'><strong>etni</strong></span> 
     </span>
     <span class='ocr_line' id='line_1_136' title="bbox 3133 3353 3734 3429; baseline 0.01 -20"><span class='ocrx_word' id='word_1_459' title='bbox 3133 3369 3239 3410; x_wconf 89' lang='lat' dir='ltr'><strong>cus</strong></span> <span class='ocrx_word' id='word_1_460' title='bbox 3266 3363 3325 3410; x_wconf 90' lang='lat' dir='ltr'><strong>et</strong></span> <span class='ocrx_word' id='word_1_461' title='bbox 3353 3353 3696 3429; x_wconf 86' lang='lat' dir='ltr'><strong>puplicanus</strong></span> <span class='ocrx_word' id='word_1_462' title='bbox 3719 3385 3734 3402; x_wconf 92' lang='lat'><strong>·</strong></span> 
     </span>
     <span class='ocr_line' id='line_1_137' title="bbox 3130 3443 3742 3509; baseline 0.011 -6"><span class='ocrx_word' id='word_1_463' title='bbox 3130 3443 3174 3479; x_wconf 81' lang='lat'><strong>¹⁸</strong></span> <span class='ocrx_word' id='word_1_464' title='bbox 3191 3445 3385 3506; x_wconf 89' lang='lat' dir='ltr'><strong>Amen</strong></span> <span class='ocrx_word' id='word_1_465' title='bbox 3415 3449 3546 3509; x_wconf 92' lang='lat' dir='ltr'><strong>dico</strong></span> <span class='ocrx_word' id='word_1_466' title='bbox 3573 3450 3742 3509; x_wconf 88' lang='lat' dir='ltr'><strong>uobis</strong></span> 
     </span>
     <span class='ocr_line' id='line_1_138' title="bbox 3132 3545 3654 3619; baseline 0.006 -21"><span class='ocrx_word' id='word_1_467' title='bbox 3132 3559 3532 3619; x_wconf 88' lang='lat' dir='ltr'><strong>quaecumque</strong></span> <span class='ocrx_word' id='word_1_468' title='bbox 3561 3545 3654 3602; x_wconf 87' lang='lat' dir='ltr'><strong>alli</strong></span> 
     </span>
     <span class='ocr_line' id='line_1_139' title="bbox 3133 3635 3610 3713; baseline 0.004 -20"><span class='ocrx_word' id='word_1_469' title='bbox 3133 3635 3406 3712; x_wconf 87' lang='lat' dir='ltr'><strong>gaueritis</strong></span> <span class='ocrx_word' id='word_1_470' title='bbox 3433 3654 3610 3713; x_wconf 88' lang='lat' dir='ltr'><strong>super</strong></span> 
     </span>
    </p>
   </div>
   <div class='ocr_carea' id='block_1_20' title="bbox 1570 3254 2169 4257">
    <p class='ocr_par' dir='ltr' id='par_1_46' title="bbox 1571 3254 2161 3614">
     <span class='ocr_line' id='line_1_140' title="bbox 1573 3254 2161 3317; baseline 0.005 -3"><span class='ocrx_word' id='word_1_471' title='bbox 1573 3254 1796 3316; x_wconf 89' lang='lat' dir='ltr'><strong>Uerum</strong></span> <span class='ocrx_word' id='word_1_472' title='bbox 1822 3265 2021 3316; x_wconf 89' lang='lat' dir='ltr'><strong>tamen</strong></span> <span class='ocrx_word' id='word_1_473' title='bbox 2048 3275 2161 3317; x_wconf 79' lang='lat' dir='ltr'><strong>uae</strong></span> 
     </span>
     <span class='ocr_line' id='line_1_141' title="bbox 1572 3347 2049 3426; baseline 0.004 -19"><span class='ocrx_word' id='word_1_474' title='bbox 1572 3347 1795 3408; x_wconf 88' lang='lat' dir='ltr'><strong>homini</strong></span> <span class='ocrx_word' id='word_1_475' title='bbox 1834 3349 1913 3407; x_wconf 92' lang='lat' dir='ltr'><strong>illi</strong></span> <span class='ocrx_word' id='word_1_476' title='bbox 1945 3368 2049 3426; x_wconf 89' lang='lat' dir='ltr'><strong>per</strong></span> 
     </span>
     <span class='ocr_line' id='line_1_142' title="bbox 1571 3443 2099 3519; baseline 0.004 -18"><span class='ocrx_word' id='word_1_477' title='bbox 1571 3459 1747 3519; x_wconf 89' lang='lat' dir='ltr'><strong>quem</strong></span> <span class='ocrx_word' id='word_1_478' title='bbox 1776 3443 2099 3503; x_wconf 73' lang='lat' dir='ltr'><strong>scandalu-</strong></span> 
     </span>
     <span class='ocr_line' id='line_1_143' title="bbox 1571 3534 2068 3614; baseline 0.004 -20"><span class='ocrx_word' id='word_1_479' title='bbox 1571 3535 1793 3596; x_wconf 90' lang='lat' dir='ltr'><strong>uenerit</strong></span> <span class='ocrx_word' id='word_1_480' title='bbox 1810 3567 1825 3582; x_wconf 92' lang='lat'><strong>·</strong></span> <span class='ocrx_word' id='word_1_481' title='bbox 1868 3534 1891 3570; x_wconf 83' lang='lat'>⁸</span> <span class='ocrx_word' id='word_1_482' title='bbox 1906 3537 2068 3614; x_wconf 91' lang='lat' dir='ltr'><strong>quod</strong></span> 
     </span>
    </p>

    <p class='ocr_par' dir='ltr' id='par_1_47' title="bbox 1570 3629 2151 4162">
     <span class='ocr_line' id='line_1_144' title="bbox 1572 3629 2105 3690; baseline 0.002 -1"><span class='ocrx_word' id='word_1_483' title='bbox 1572 3629 1619 3689; x_wconf 90' lang='lat' dir='ltr'><strong>si</strong></span> <span class='ocrx_word' id='word_1_484' title='bbox 1648 3647 1857 3690; x_wconf 89' lang='lat' dir='ltr'><strong>manus</strong></span> <span class='ocrx_word' id='word_1_485' title='bbox 1886 3641 1983 3690; x_wconf 86' lang='lat' dir='ltr'><strong>tua</strong></span> <span class='ocrx_word' id='word_1_486' title='bbox 2010 3630 2105 3690; x_wconf 90' lang='lat' dir='ltr'><strong>uel</strong></span> 
     </span>
     <span class='ocr_line' id='line_1_145' title="bbox 1570 3726 2081 3801; baseline 0.006 -19"><span class='ocrx_word' id='word_1_487' title='bbox 1570 3742 1675 3801; x_wconf 87' lang='lat' dir='ltr'><strong>pes</strong></span> <span class='ocrx_word' id='word_1_488' title='bbox 1701 3735 1835 3784; x_wconf 86' lang='lat' dir='ltr'><strong>tuus</strong></span> <span class='ocrx_word' id='word_1_489' title='bbox 1862 3726 2081 3785; x_wconf 87' lang='lat' dir='ltr'><strong>scanda</strong></span> 
     </span>
     <span class='ocr_line' id='line_1_146' title="bbox 1572 3818 2151 3880; baseline 0.007 -4"><span class='ocrx_word' id='word_1_490' title='bbox 1572 3818 1702 3878; x_wconf 87' lang='lat' dir='ltr'><strong>lizat</strong></span> <span class='ocrx_word' id='word_1_491' title='bbox 1728 3829 1788 3878; x_wconf 91' lang='lat' dir='ltr'><strong>te</strong></span> <span class='ocrx_word' id='word_1_492' title='bbox 1843 3820 2049 3880; x_wconf 86' lang='lat' dir='ltr'><strong>excide</strong></span> <span class='ocrx_word' id='word_1_493' title='bbox 2078 3826 2151 3880; x_wconf 81' lang='lat' dir='ltr'><strong>eii</strong></span> 
     </span>
     <span class='ocr_line' id='line_1_147' title="bbox 1571 3913 2074 3989; baseline 0.008 -19"><span class='ocrx_word' id='word_1_494' title='bbox 1571 3923 1629 3972; x_wconf 88' lang='lat' dir='ltr'><strong>et</strong></span> <span class='ocrx_word' id='word_1_495' title='bbox 1656 3913 1855 3989; x_wconf 89' lang='lat' dir='ltr'><strong>proice</strong></span> <span class='ocrx_word' id='word_1_496' title='bbox 1882 3915 1989 3974; x_wconf 87' lang='lat' dir='ltr'><strong>abs</strong></span> <span class='ocrx_word' id='word_1_497' title='bbox 2016 3924 2074 3974; x_wconf 90' lang='lat' dir='ltr'><strong>te</strong></span> 
     </span>
     <span class='ocr_line' id='line_1_148' title="bbox 1574 4005 2059 4068; baseline 0.008 -4"><span class='ocrx_word' id='word_1_498' title='bbox 1574 4005 1813 4066; x_wconf 90' lang='lat' dir='ltr'><strong>Bonum</strong></span> <span class='ocrx_word' id='word_1_499' title='bbox 1841 4008 1942 4066; x_wconf 90' lang='lat' dir='ltr'><strong>tibi</strong></span> <span class='ocrx_word' id='word_1_500' title='bbox 1971 4018 2059 4068; x_wconf 87' lang='lat' dir='ltr'><strong>est</strong></span> 
     </span>
     <span class='ocr_line' id='line_1_149' title="bbox 1570 4100 1986 4162; baseline 0.01 -4"><span class='ocrx_word' id='word_1_501' title='bbox 1570 4100 1721 4160; x_wconf 87' lang='lat' dir='ltr'><strong>intro</strong></span> <span class='ocrx_word' id='word_1_502' title='bbox 1750 4102 1986 4162; x_wconf 88' lang='lat' dir='ltr'><strong>introire</strong></span> 
     </span>
    </p>

    <p class='ocr_par' dir='ltr' id='par_1_48' title="bbox 1571 4195 2169 4257">
     <span class='ocr_line' id='line_1_150' title="bbox 1571 4195 2169 4257; baseline 0.003 -4"><span class='ocrx_word' id='word_1_503' title='bbox 1571 4195 1633 4253; x_wconf 88' lang='lat' dir='ltr'><strong>in</strong></span> <span class='ocrx_word' id='word_1_504' title='bbox 1658 4196 1837 4256; x_wconf 88' lang='lat' dir='ltr'><strong>uitam</strong></span> <span class='ocrx_word' id='word_1_505' title='bbox 1860 4227 1875 4244; x_wconf 93' lang='lat'><strong>·</strong></span> <span class='ocrx_word' id='word_1_506' title='bbox 1933 4195 2169 4257; x_wconf 86' lang='lat' dir='ltr'><strong>clodum</strong></span> 
     </span>
    </p>
   </div>
   <div class='ocr_carea' id='block_1_21' title="bbox 809 3251 1513 4255">
    <p class='ocr_par' dir='ltr' id='par_1_49' title="bbox 810 3251 1318 3328">
     <span class='ocr_line' id='line_1_151' title="bbox 810 3251 1318 3328; baseline 0.008 -17"><span class='ocrx_word' id='word_1_507' title='bbox 810 3251 1101 3328; x_wconf 89' lang='lat' dir='ltr'><strong>accipiens</strong></span> <span class='ocrx_word' id='word_1_508' title='bbox 1129 3253 1205 3313; x_wconf 86' lang='lat' dir='ltr'><strong>da</strong></span> <span class='ocrx_word' id='word_1_509' title='bbox 1234 3255 1318 3315; x_wconf 86' lang='lat' dir='ltr'><strong>eis</strong></span> 
     </span>
    </p>

    <p class='ocr_par' dir='ltr' id='par_1_50' title="bbox 809 3355 1252 3423">
     <span class='ocr_line' id='line_1_152' title="bbox 809 3355 1252 3423; baseline 0.011 -20"><span class='ocrx_word' id='word_1_510' title='bbox 809 3364 919 3423; x_wconf 91' lang='lat' dir='ltr'><strong>pro</strong></span> <span class='ocrx_word' id='word_1_511' title='bbox 948 3363 1043 3405; x_wconf 90' lang='lat' dir='ltr'><strong>me</strong></span> <span class='ocrx_word' id='word_1_512' title='bbox 1071 3355 1130 3405; x_wconf 90' lang='lat' dir='ltr'><strong>et</strong></span> <span class='ocrx_word' id='word_1_513' title='bbox 1157 3356 1214 3408; x_wconf 90' lang='lat' dir='ltr'><strong>te</strong></span> <span class='ocrx_word' id='word_1_514' title='bbox 1237 3378 1252 3395; x_wconf 93' lang='lat'><strong>·</strong></span> 
     </span>
    </p>

    <p class='ocr_par' dir='ltr' id='par_1_51' title="bbox 810 3437 1513 3612">
     <span class='ocr_line' id='line_1_153' title="bbox 811 3437 1513 3504; baseline 0.009 -6"><span class='ocrx_word' id='word_1_515' title='bbox 811 3445 910 3500; x_wconf 81' lang='lat'><strong>18.</strong></span> <span class='ocrx_word' id='word_1_516' title='bbox 945 3437 963 3470; x_wconf 89' lang='lat'>¹</span> <span class='ocrx_word' id='word_1_517' title='bbox 984 3439 1058 3498; x_wconf 91' lang='lat' dir='ltr'><strong>In</strong></span> <span class='ocrx_word' id='word_1_518' title='bbox 1077 3441 1173 3501; x_wconf 92' lang='lat' dir='ltr'><strong>illa</strong></span> <span class='ocrx_word' id='word_1_519' title='bbox 1194 3441 1513 3504; x_wconf 85' lang='lat' dir='ltr'><strong>boraacces</strong></span> 
     </span>
     <span class='ocr_line' id='line_1_154' title="bbox 810 3534 1298 3612; baseline 0.002 -18"><span class='ocrx_word' id='word_1_520' title='bbox 810 3545 1009 3594; x_wconf 88' lang='lat' dir='ltr'><strong>serunt</strong></span> <span class='ocrx_word' id='word_1_521' title='bbox 1036 3534 1298 3612; x_wconf 87' lang='lat' dir='ltr'><strong>discipuli</strong></span> 
     </span>
    </p>

    <p class='ocr_par' dir='ltr' id='par_1_52' title="bbox 809 3627 1489 4255">
     <span class='ocr_line' id='line_1_155' title="bbox 809 3627 1361 3691; baseline 0.009 -4"><span class='ocrx_word' id='word_1_522' title='bbox 809 3629 888 3688; x_wconf 86' lang='lat' dir='ltr'><strong>ad</strong></span> <span class='ocrx_word' id='word_1_523' title='bbox 920 3627 1041 3686; x_wconf 81' lang='lat' dir='ltr'><strong>ihm</strong></span> <span class='ocrx_word' id='word_1_524' title='bbox 1071 3629 1329 3691; x_wconf 84' lang='lat' dir='ltr'><strong>dicentes</strong></span> <span class='ocrx_word' id='word_1_525' title='bbox 1347 3663 1361 3678; x_wconf 94' lang='lat'><strong>·</strong></span> 
     </span>
     <span class='ocr_line' id='line_1_156' title="bbox 812 3721 1373 3799; baseline 0.007 -18"><span class='ocrx_word' id='word_1_526' title='bbox 812 3721 963 3794; x_wconf 86' lang='lat' dir='ltr'><strong>Quis</strong></span> <span class='ocrx_word' id='word_1_527' title='bbox 989 3733 1158 3799; x_wconf 84' lang='lat' dir='ltr'><strong>putas</strong></span> <span class='ocrx_word' id='word_1_528' title='bbox 1184 3726 1373 3785; x_wconf 86' lang='lat' dir='ltr'><strong>maior</strong></span> 
     </span>
     <span class='ocr_line' id='line_1_157' title="bbox 809 3817 1351 3893; baseline 0.006 -18"><span class='ocrx_word' id='word_1_529' title='bbox 809 3826 899 3876; x_wconf 91' lang='lat' dir='ltr'><strong>est</strong></span> <span class='ocrx_word' id='word_1_530' title='bbox 922 3817 985 3874; x_wconf 90' lang='lat' dir='ltr'><strong>in</strong></span> <span class='ocrx_word' id='word_1_531' title='bbox 1012 3835 1195 3893; x_wconf 88' lang='lat' dir='ltr'><strong>regno</strong></span> <span class='ocrx_word' id='word_1_532' title='bbox 1223 3819 1351 3878; x_wconf 94' lang='lat' dir='ltr'><strong>celo</strong></span> 
     </span>
     <span class='ocr_line' id='line_1_158' title="bbox 812 3909 1393 3973; baseline 0.009 -5"><span class='ocrx_word' id='word_1_533' title='bbox 812 3927 943 3970; x_wconf 89' lang='lat' dir='ltr'><strong>rum</strong></span> <span class='ocrx_word' id='word_1_534' title='bbox 962 3941 977 3956; x_wconf 92' lang='lat'><strong>·</strong></span> <span class='ocrx_word' id='word_1_535' title='bbox 1028 3909 1139 3970; x_wconf 65' lang='grc' dir='ltr'><strong>Ἐἴ</strong></span> <span class='ocrx_word' id='word_1_536' title='bbox 1166 3929 1393 3973; x_wconf 86' lang='lat' dir='ltr'><strong>uocans</strong></span> 
     </span>
     <span class='ocr_line' id='line_1_159' title="bbox 812 4003 1273 4082; baseline 0.009 -21"><span class='ocrx_word' id='word_1_537' title='bbox 812 4003 902 4062; x_wconf 81' lang='lat' dir='ltr'><strong>ihs</strong></span> <span class='ocrx_word' id='word_1_538' title='bbox 931 4021 1177 4082; x_wconf 89' lang='lat' dir='ltr'><strong>puerum</strong></span> <span class='ocrx_word' id='word_1_539' title='bbox 1213 4017 1273 4065; x_wconf 92' lang='lat' dir='ltr'><strong>et</strong></span> 
     </span>
     <span class='ocr_line' id='line_1_160' title="bbox 814 4098 1385 4159; baseline 0.007 -4"><span class='ocrx_word' id='word_1_540' title='bbox 814 4098 1011 4157; x_wconf 87' lang='lat' dir='ltr'><strong>statuit</strong></span> <span class='ocrx_word' id='word_1_541' title='bbox 1038 4117 1174 4158; x_wconf 89' lang='lat' dir='ltr'><strong>eum</strong></span> <span class='ocrx_word' id='word_1_542' title='bbox 1200 4100 1263 4158; x_wconf 89' lang='lat' dir='ltr'><strong>in</strong></span> <span class='ocrx_word' id='word_1_543' title='bbox 1290 4118 1385 4159; x_wconf 89' lang='lat' dir='ltr'><strong>me</strong></span> 
     </span>
     <span class='ocr_line' id='line_1_161' title="bbox 814 4190 1489 4255; baseline 0.007 -5"><span class='ocrx_word' id='word_1_544' title='bbox 814 4190 914 4251; x_wconf 94' lang='lat' dir='ltr'><strong>dio</strong></span> <span class='ocrx_word' id='word_1_545' title='bbox 932 4209 1137 4252; x_wconf 87' lang='lat' dir='ltr'><strong>eorum</strong></span> <span class='ocrx_word' id='word_1_546' title='bbox 1158 4225 1173 4242; x_wconf 90' lang='lat'><strong>·</strong></span> <span class='ocrx_word' id='word_1_547' title='bbox 1216 4193 1239 4227; x_wconf 81' lang='lat'>⁸</span> <span class='ocrx_word' id='word_1_548' title='bbox 1264 4203 1323 4255; x_wconf 89' lang='lat' dir='ltr'><strong>et</strong></span> <span class='ocrx_word' id='word_1_549' title='bbox 1348 4193 1489 4255; x_wconf 83' lang='lat' dir='ltr'><strong>dixit</strong></span> 
     </span>
    </p>
   </div>
   <div class='ocr_carea' id='block_1_22' title="bbox 3132 3741 3840 4262">
    <p class='ocr_par' dir='ltr' id='par_1_53' title="bbox 3133 3741 3544 3790">
     <span class='ocr_line' id='line_1_162' title="bbox 3133 3741 3544 3790; baseline 0.007 -2"><span class='ocrx_word' id='word_1_550' title='bbox 3133 3741 3345 3788; x_wconf 87' lang='lat' dir='ltr'><strong>terram</strong></span> <span class='ocrx_word' id='word_1_551' title='bbox 3373 3743 3544 3790; x_wconf 89' lang='lat' dir='ltr'><strong>erunt</strong></span> 
     </span>
    </p>

    <p class='ocr_par' dir='ltr' id='par_1_54' title="bbox 3132 3823 3690 3898">
     <span class='ocr_line' id='line_1_163' title="bbox 3132 3823 3690 3898; baseline 0.004 -16"><span class='ocrx_word' id='word_1_552' title='bbox 3132 3823 3366 3898; x_wconf 87' lang='lat' dir='ltr'><strong>alligata</strong></span> <span class='ocrx_word' id='word_1_553' title='bbox 3392 3824 3452 3882; x_wconf 88' lang='lat' dir='ltr'><strong>in</strong></span> <span class='ocrx_word' id='word_1_554' title='bbox 3481 3825 3649 3884; x_wconf 80' lang='lat' dir='ltr'><strong>caelo</strong></span> <span class='ocrx_word' id='word_1_555' title='bbox 3674 3855 3690 3872; x_wconf 92' lang='lat'><strong>·</strong></span> 
     </span>
    </p>

    <p class='ocr_par' dir='ltr' id='par_1_55' title="bbox 3133 3916 3757 4089">
     <span class='ocr_line' id='line_1_164' title="bbox 3133 3916 3757 3996; baseline 0.006 -21"><span class='ocrx_word' id='word_1_556' title='bbox 3133 3916 3210 3976; x_wconf 92' lang='lat' dir='ltr'><strong>Et</strong></span> <span class='ocrx_word' id='word_1_557' title='bbox 3238 3935 3644 3996; x_wconf 88' lang='lat' dir='ltr'><strong>quaecumque</strong></span> <span class='ocrx_word' id='word_1_558' title='bbox 3671 3917 3757 3979; x_wconf 84' lang='lat' dir='ltr'><strong>sol</strong></span> 
     </span>
     <span class='ocr_line' id='line_1_165' title="bbox 3133 4013 3652 4089; baseline 0 -18"><span class='ocrx_word' id='word_1_559' title='bbox 3133 4013 3333 4072; x_wconf 85' lang='lat' dir='ltr'><strong>ueritis</strong></span> <span class='ocrx_word' id='word_1_560' title='bbox 3359 4030 3536 4089; x_wconf 90' lang='lat' dir='ltr'><strong>super</strong></span> <span class='ocrx_word' id='word_1_561' title='bbox 3565 4025 3652 4073; x_wconf 82' lang='lat' dir='ltr'><strong>ter</strong></span> 
     </span>
    </p>

    <p class='ocr_par' dir='ltr' id='par_1_56' title="bbox 3133 4107 3707 4167">
     <span class='ocr_line' id='line_1_166' title="bbox 3133 4107 3707 4167; baseline 0 -1"><span class='ocrx_word' id='word_1_562' title='bbox 3133 4125 3260 4166; x_wconf 88' lang='lat' dir='ltr'><strong>ram</strong></span> <span class='ocrx_word' id='word_1_563' title='bbox 3320 4117 3491 4165; x_wconf 89' lang='lat' dir='ltr'><strong>erunt</strong></span> <span class='ocrx_word' id='word_1_564' title='bbox 3520 4107 3707 4167; x_wconf 73' lang='lat' dir='ltr'><strong>soluta</strong></span> 
     </span>
    </p>

    <p class='ocr_par' dir='ltr' id='par_1_57' title="bbox 3133 4200 3840 4262">
     <span class='ocr_line' id='line_1_167' title="bbox 3133 4200 3840 4262; baseline 0.001 -3"><span class='ocrx_word' id='word_1_565' title='bbox 3133 4202 3194 4260; x_wconf 90' lang='lat' dir='ltr'><strong>in</strong></span> <span class='ocrx_word' id='word_1_566' title='bbox 3205 4200 3396 4261; x_wconf 85' lang='lat' dir='ltr'><strong>caelo·</strong></span> <span class='ocrx_word' id='word_1_567' title='bbox 3427 4201 3696 4262; x_wconf 79' lang='lat' dir='ltr'><strong>²⁹Iterum</strong></span> <span class='ocrx_word' id='word_1_568' title='bbox 3707 4205 3840 4260; x_wconf 65' lang='lat' dir='ltr'><strong>aute</strong></span> 
     </span>
    </p>
   </div>
  </div>
 </body>
</html>
