<?xml version="1.0" encoding="UTF-8"?>
<!DOCTYPE html PUBLIC "-//W3C//DTD XHTML 1.0 Transitional//EN"
    "http://www.w3.org/TR/xhtml1/DTD/xhtml1-transitional.dtd">
<html xmlns="http://www.w3.org/1999/xhtml" xml:lang="en" lang="en">
 <head>
  <title>
</title>
<meta http-equiv="Content-Type" content="text/html;charset=utf-8" />
  <meta name='ocr-system' content='tesseract 3.04.00' />
  <meta name='ocr-capabilities' content='ocr_page ocr_carea ocr_par ocr_line ocrx_word'/>
</head>
<body>
  <div class='ocr_page' id='page_1' title='image "./fourgospelsfrom00wordgoog_0094.png"; bbox 0 0 4373 5048; ppageno 0'>
   <div class='ocr_carea' id='block_1_1' title="bbox 804 345 3819 441">
    <p class='ocr_par' dir='ltr' id='par_1_1' title="bbox 804 345 3819 441">
     <span class='ocr_line' id='line_1_1' title="bbox 804 345 3819 441; baseline 0 -20"><span class='ocrx_word' id='word_1_1' title='bbox 804 372 887 441; x_wconf 83' lang='lat'>32</span> <span class='ocrx_word' id='word_1_2' title='bbox 2049 345 2524 419; x_wconf 63' lang='lat' dir='ltr'><em>SECUNDCJ·</em></span> <span class='ocrx_word' id='word_1_3' title='bbox 3177 366 3398 432; x_wconf 84' lang='lat' dir='ltr'>[xxm.</span> <span class='ocrx_word' id='word_1_4' title='bbox 3419 370 3711 433; x_wconf 73' lang='lat' dir='ltr'>31-x1mr.</span> <span class='ocrx_word' id='word_1_5' title='bbox 3735 370 3819 421; x_wconf 75' lang='grc' dir='ltr'>ιε.</span> 
     </span>
    </p>
   </div>
   <div class='ocr_carea' id='block_1_2' title="bbox 520 524 4114 4378">
    <p class='ocr_par' dir='ltr' id='par_1_2' title="bbox 520 524 4114 4307">
     <span class='ocr_line' id='line_1_2' title="bbox 520 524 4114 605; baseline 0.004 -28"><span class='ocrx_word' id='word_1_6' title='bbox 520 526 763 582; x_wconf 54' lang='grc' dir='ltr'><strong>ποια.</strong></span> <span class='ocrx_word' id='word_1_7' title='bbox 800 528 1197 589; x_wconf 83' lang='lat' dir='ltr'>testimonium</span> <span class='ocrx_word' id='word_1_8' title='bbox 1552 524 1631 585; x_wconf 92' lang='lat' dir='ltr'>Et</span> <span class='ocrx_word' id='word_1_9' title='bbox 1656 525 1881 603; x_wconf 83' lang='lat' dir='ltr'>lapidas</span> <span class='ocrx_word' id='word_1_10' title='bbox 1906 541 2009 587; x_wconf 87' lang='lat' dir='ltr'>eos</span> <span class='ocrx_word' id='word_1_11' title='bbox 2036 528 2135 605; x_wconf 88' lang='lat' dir='ltr'>qui</span> <span class='ocrx_word' id='word_1_12' title='bbox 2357 538 2446 588; x_wconf 84' lang='lat' dir='ltr'>tes</span> <span class='ocrx_word' id='word_1_13' title='bbox 2463 559 2479 576; x_wconf 89' lang='lat'><strong>·</strong></span> <span class='ocrx_word' id='word_1_14' title='bbox 2519 528 2614 588; x_wconf 89' lang='lat' dir='ltr'>dic</span> <span class='ocrx_word' id='word_1_15' title='bbox 2643 530 2814 589; x_wconf 84' lang='lat' dir='ltr'>nobis</span> <span class='ocrx_word' id='word_1_16' title='bbox 3109 528 3156 563; x_wconf 87' lang='lat'>¹⁰</span> <span class='ocrx_word' id='word_1_17' title='bbox 3172 528 3248 589; x_wconf 91' lang='lat' dir='ltr'>Et</span> <span class='ocrx_word' id='word_1_18' title='bbox 3277 542 3413 591; x_wconf 90' lang='lat' dir='ltr'>tunc</span> <span class='ocrx_word' id='word_1_19' title='bbox 3441 530 3770 593; x_wconf 74' lang='lat' dir='ltr'>scandaliza</span> <span class='ocrx_word' id='word_1_20' title='bbox 3839 540 3986 590; x_wconf 74' lang='lat'><strong>1¹01.</strong></span> <span class='ocrx_word' id='word_1_21' title='bbox 3998 542 4114 593; x_wconf 68' lang='lat'>08.</span> 
     </span>
     <span class='ocr_line' id='line_1_3' title="bbox 799 619 3554 699; baseline 0.001 -18"><span class='ocrx_word' id='word_1_22' title='bbox 799 622 1037 681; x_wconf 83' lang='lat' dir='ltr'>redditis</span> <span class='ocrx_word' id='word_1_23' title='bbox 1062 622 1235 681; x_wconf 82' lang='lat' dir='ltr'>uobis</span> <span class='ocrx_word' id='word_1_24' title='bbox 1256 650 1273 667; x_wconf 91' lang='lat'><strong>·</strong></span> <span class='ocrx_word' id='word_1_25' title='bbox 1392 660 1405 671; x_wconf 88' lang='lat'><strong>·</strong></span> <span class='ocrx_word' id='word_1_26' title='bbox 1552 619 1629 679; x_wconf 86' lang='lat' dir='ltr'>ad</span> <span class='ocrx_word' id='word_1_27' title='bbox 1658 630 1713 679; x_wconf 89' lang='lat' dir='ltr'>te</span> <span class='ocrx_word' id='word_1_28' title='bbox 1742 622 1873 679; x_wconf 89' lang='lat' dir='ltr'>misi</span> <span class='ocrx_word' id='word_1_29' title='bbox 1900 632 2035 680; x_wconf 84' lang='lat' dir='ltr'>sunt</span> <span class='ocrx_word' id='word_1_30' title='bbox 2052 652 2067 669; x_wconf 92' lang='lat'><strong>·</strong></span> <span class='ocrx_word' id='word_1_31' title='bbox 2357 622 2596 699; x_wconf 86' lang='lat' dir='ltr'>quando</span> <span class='ocrx_word' id='word_1_32' title='bbox 2623 621 2734 681; x_wconf 85' lang='lat' dir='ltr'>hec</span> <span class='ocrx_word' id='word_1_33' title='bbox 2761 640 2798 681; x_wconf 89' lang='lat' dir='ltr'>e</span> <span class='ocrx_word' id='word_1_34' title='bbox 3111 624 3324 685; x_wconf 84' lang='lat' dir='ltr'>buntur</span> <span class='ocrx_word' id='word_1_35' title='bbox 3351 625 3516 684; x_wconf 88' lang='lat' dir='ltr'>multi</span> <span class='ocrx_word' id='word_1_36' title='bbox 3538 657 3554 674; x_wconf 88' lang='lat'><strong>·</strong></span> 
     </span>
     <span class='ocr_line' id='line_1_4' title="bbox 800 713 3726 793; baseline 0.001 -18"><span class='ocrx_word' id='word_1_37' title='bbox 800 715 959 790; x_wconf 82' lang='lat' dir='ltr'>Quia</span> <span class='ocrx_word' id='word_1_38' title='bbox 986 716 1068 775; x_wconf 86' lang='lat' dir='ltr'>fili</span> <span class='ocrx_word' id='word_1_39' title='bbox 1093 716 1234 775; x_wconf 84' lang='lat' dir='ltr'>estis</span> <span class='ocrx_word' id='word_1_40' title='bbox 1260 718 1403 775; x_wconf 78' lang='lat' dir='ltr'>eoru</span> <span class='ocrx_word' id='word_1_41' title='bbox 1553 713 1811 788; x_wconf 89' lang='lat' dir='ltr'>Quotien</span> <span class='ocrx_word' id='word_1_42' title='bbox 1836 714 1995 774; x_wconf 91' lang='lat' dir='ltr'>uolui</span> <span class='ocrx_word' id='word_1_43' title='bbox 2022 732 2141 777; x_wconf 89' lang='lat' dir='ltr'>con</span> <span class='ocrx_word' id='word_1_44' title='bbox 2355 725 2491 775; x_wconf 89' lang='lat' dir='ltr'>runt</span> <span class='ocrx_word' id='word_1_45' title='bbox 2507 746 2522 762; x_wconf 92' lang='lat'><strong>·</strong></span> <span class='ocrx_word' id='word_1_46' title='bbox 2565 726 2624 775; x_wconf 86' lang='lat' dir='ltr'>et</span> <span class='ocrx_word' id='word_1_47' title='bbox 2651 716 2814 793; x_wconf 82' lang='lat' dir='ltr'>quod</span> <span class='ocrx_word' id='word_1_48' title='bbox 3108 728 3168 778; x_wconf 92' lang='lat' dir='ltr'>et</span> <span class='ocrx_word' id='word_1_49' title='bbox 3195 718 3444 778; x_wconf 88' lang='lat' dir='ltr'>inuicem</span> <span class='ocrx_word' id='word_1_50' title='bbox 3471 720 3692 779; x_wconf 78' lang='lat' dir='ltr'>trad⁶nt</span> <span class='ocrx_word' id='word_1_51' title='bbox 3707 750 3726 767; x_wconf 90' lang='lat'><strong>·</strong></span> 
     </span>
     <span class='ocr_line' id='line_1_5' title="bbox 798 809 3660 886; baseline 0.002 -18"><span class='ocrx_word' id='word_1_52' title='bbox 798 810 897 886; x_wconf 90' lang='lat' dir='ltr'>qui</span> <span class='ocrx_word' id='word_1_53' title='bbox 925 809 1263 870; x_wconf 84' lang='lat' dir='ltr'>oeciderunt</span> <span class='ocrx_word' id='word_1_54' title='bbox 1550 826 1792 885; x_wconf 82' lang='lat' dir='ltr'>gregare</span> <span class='ocrx_word' id='word_1_55' title='bbox 1820 809 1968 869; x_wconf 85' lang='lat' dir='ltr'>filios</span> <span class='ocrx_word' id='word_1_56' title='bbox 2355 809 2591 884; x_wconf 84' lang='lat' dir='ltr'>signum</span> <span class='ocrx_word' id='word_1_57' title='bbox 2619 809 2810 867; x_wconf 79' lang='lat' dir='ltr'>aduen</span> <span class='ocrx_word' id='word_1_58' title='bbox 3109 820 3168 869; x_wconf 92' lang='lat' dir='ltr'>et</span> <span class='ocrx_word' id='word_1_59' title='bbox 3195 812 3336 871; x_wconf 89' lang='lat' dir='ltr'>odio</span> <span class='ocrx_word' id='word_1_60' title='bbox 3364 812 3660 873; x_wconf 85' lang='lat' dir='ltr'>habebunt</span> 
     </span>
     <span class='ocr_line' id='line_1_6' title="bbox 794 900 3684 981; baseline 0.002 -20"><span class='ocrx_word' id='word_1_61' title='bbox 794 902 1049 981; x_wconf 79' lang='lat' dir='ltr'>profetas</span> <span class='ocrx_word' id='word_1_62' title='bbox 1073 934 1088 950; x_wconf 92' lang='lat'><strong>·</strong></span> <span class='ocrx_word' id='word_1_63' title='bbox 1126 900 1175 935; x_wconf 66' lang='lat'>⁸⁸</span> <span class='ocrx_word' id='word_1_64' title='bbox 1192 901 1319 962; x_wconf 85' lang='lat' dir='ltr'>Uos</span> <span class='ocrx_word' id='word_1_65' title='bbox 1548 912 1683 961; x_wconf 84' lang='lat' dir='ltr'>tuos</span> <span class='ocrx_word' id='word_1_66' title='bbox 1699 933 1715 949; x_wconf 90' lang='lat'><strong>·</strong></span> <span class='ocrx_word' id='word_1_67' title='bbox 1754 903 2007 981; x_wconf 84' lang='lat' dir='ltr'><strong>quemad</strong></span> <span class='ocrx_word' id='word_1_68' title='bbox 2355 912 2448 961; x_wconf 89' lang='lat' dir='ltr'>tus</span> <span class='ocrx_word' id='word_1_69' title='bbox 2475 904 2556 961; x_wconf 91' lang='lat' dir='ltr'>tui</span> <span class='ocrx_word' id='word_1_70' title='bbox 2573 932 2590 949; x_wconf 87' lang='lat'><strong>·</strong></span> <span class='ocrx_word' id='word_1_71' title='bbox 2631 911 2692 961; x_wconf 91' lang='lat' dir='ltr'>et</span> <span class='ocrx_word' id='word_1_72' title='bbox 2719 918 2836 963; x_wconf 85' lang='lat' dir='ltr'>con</span> <span class='ocrx_word' id='word_1_73' title='bbox 3108 904 3362 965; x_wconf 89' lang='lat' dir='ltr'>inuicem</span> <span class='ocrx_word' id='word_1_74' title='bbox 3383 936 3400 953; x_wconf 90' lang='lat'><strong>·</strong></span> <span class='ocrx_word' id='word_1_75' title='bbox 3441 903 3487 937; x_wconf 81' lang='lat'>¹¹</span> <span class='ocrx_word' id='word_1_76' title='bbox 3509 904 3684 967; x_wconf 86' lang='lat' dir='ltr'>Multi</span> 
     </span>
     <span class='ocr_line' id='line_1_7' title="bbox 792 996 3618 1081; baseline 0.001 -24"><span class='ocrx_word' id='word_1_77' title='bbox 792 1016 937 1075; x_wconf 90' lang='lat' dir='ltr'>ergo</span> <span class='ocrx_word' id='word_1_78' title='bbox 964 996 1203 1074; x_wconf 85' lang='lat' dir='ltr'>implete</span> <span class='ocrx_word' id='word_1_79' title='bbox 1230 1008 1364 1056; x_wconf 76' lang='lat' dir='ltr'>m0n</span> <span class='ocrx_word' id='word_1_80' title='bbox 1550 996 1793 1057; x_wconf 85' lang='lat' dir='ltr'>modum</span> <span class='ocrx_word' id='word_1_81' title='bbox 1820 996 2036 1074; x_wconf 87' lang='lat' dir='ltr'>gallina</span> <span class='ocrx_word' id='word_1_82' title='bbox 2355 996 2756 1056; x_wconf 84' lang='lat' dir='ltr'>summatiom&#39;s</span> <span class='ocrx_word' id='word_1_83' title='bbox 3107 998 3538 1077; x_wconf 87' lang='lat' dir='ltr'>pseudoprofeti</span> <span class='ocrx_word' id='word_1_84' title='bbox 3611 1075 3618 1081; x_wconf 90' lang='lat'>.</span> 
     </span>
     <span class='ocr_line' id='line_1_8' title="bbox 792 1090 3592 1169; baseline 0.001 -18"><span class='ocrx_word' id='word_1_85' title='bbox 792 1109 927 1151; x_wconf 88' lang='lat' dir='ltr'>sura</span> <span class='ocrx_word' id='word_1_86' title='bbox 954 1102 1185 1169; x_wconf 84' lang='lat' dir='ltr'>patrum</span> <span class='ocrx_word' id='word_1_87' title='bbox 1546 1101 1867 1169; x_wconf 75' lang='lat' dir='ltr'>cong-regat</span> <span class='ocrx_word' id='word_1_88' title='bbox 1892 1092 1991 1169; x_wconf 88' lang='lat' dir='ltr'>pul</span> <span class='ocrx_word' id='word_1_89' title='bbox 2354 1090 2572 1149; x_wconf 90' lang='lat' dir='ltr'>seculi·</span> <span class='ocrx_word' id='word_1_90' title='bbox 2635 1091 2660 1123; x_wconf 79' lang='lat'>&#39;¹</span> <span class='ocrx_word' id='word_1_91' title='bbox 2676 1090 2752 1150; x_wconf 85' lang='lat' dir='ltr'>Et</span> <span class='ocrx_word' id='word_1_92' title='bbox 2779 1104 2876 1151; x_wconf 81' lang='lat' dir='ltr'>res</span> <span class='ocrx_word' id='word_1_93' title='bbox 3106 1102 3418 1169; x_wconf 71' lang='lat' dir='ltr'>eximrgent</span> <span class='ocrx_word' id='word_1_94' title='bbox 3444 1103 3592 1153; x_wconf 77' lang='lat' dir='ltr'>etse</span> 
     </span>
     <span class='ocr_line' id='line_1_9' title="bbox 790 1182 3598 1260; baseline 0.001 -15"><span class='ocrx_word' id='word_1_95' title='bbox 790 1196 1119 1247; x_wconf 89' lang='lat' dir='ltr'>uestrorum</span> <span class='ocrx_word' id='word_1_96' title='bbox 1137 1216 1156 1233; x_wconf 62' lang='grc' dir='ltr'><strong><em>ο</em></strong></span> <span class='ocrx_word' id='word_1_97' title='bbox 1198 1184 1353 1245; x_wconf 72' lang='lat' dir='ltr'>”ser</span> <span class='ocrx_word' id='word_1_98' title='bbox 1546 1184 1634 1245; x_wconf 92' lang='lat' dir='ltr'>los</span> <span class='ocrx_word' id='word_1_99' title='bbox 1663 1204 1803 1245; x_wconf 86' lang='lat' dir='ltr'>suos</span> <span class='ocrx_word' id='word_1_100' title='bbox 1832 1188 1941 1245; x_wconf 87' lang='lat' dir='ltr'>sub</span> <span class='ocrx_word' id='word_1_101' title='bbox 1968 1182 2125 1247; x_wconf 77' lang='lat' dir='ltr'>halas</span> <span class='ocrx_word' id='word_1_102' title='bbox 2350 1184 2622 1260; x_wconf 87' lang='lat' dir='ltr'>pondens</span> <span class='ocrx_word' id='word_1_103' title='bbox 2647 1184 2736 1243; x_wconf 75' lang='lat' dir='ltr'>ihs</span> <span class='ocrx_word' id='word_1_104' title='bbox 3108 1184 3322 1245; x_wconf 88' lang='lat' dir='ltr'><strong>ducent</strong></span> <span class='ocrx_word' id='word_1_105' title='bbox 3347 1188 3562 1247; x_wconf 82' lang='lat' dir='ltr'>multos</span> <span class='ocrx_word' id='word_1_106' title='bbox 3583 1218 3598 1235; x_wconf 92' lang='lat'><strong>·</strong></span> 
     </span>
     <span class='ocr_line' id='line_1_10' title="bbox 792 1276 3758 1358; baseline 0.001 -19"><span class='ocrx_word' id='word_1_107' title='bbox 792 1290 996 1358; x_wconf 90' lang='lat' dir='ltr'>pentes</span> <span class='ocrx_word' id='word_1_108' title='bbox 1023 1296 1238 1357; x_wconf 81' lang='lat' dir='ltr'>genera</span> <span class='ocrx_word' id='word_1_109' title='bbox 1544 1298 1678 1339; x_wconf 86' lang='lat' dir='ltr'>suas</span> <span class='ocrx_word' id='word_1_110' title='bbox 1706 1290 1765 1339; x_wconf 92' lang='lat' dir='ltr'>et</span> <span class='ocrx_word' id='word_1_111' title='bbox 1790 1281 1979 1340; x_wconf 87' lang='lat' dir='ltr'>noluis</span> <span class='ocrx_word' id='word_1_112' title='bbox 2352 1278 2495 1336; x_wconf 85' lang='lat' dir='ltr'><strong>dixit</strong></span> <span class='ocrx_word' id='word_1_113' title='bbox 2521 1278 2604 1337; x_wconf 88' lang='lat' dir='ltr'>eis</span> <span class='ocrx_word' id='word_1_114' title='bbox 2623 1308 2636 1325; x_wconf 92' lang='lat'><strong>·</strong></span> <span class='ocrx_word' id='word_1_115' title='bbox 2681 1277 2892 1338; x_wconf 82' lang='lat' dir='ltr'>Uidete</span> <span class='ocrx_word' id='word_1_116' title='bbox 3105 1276 3150 1311; x_wconf 79' lang='lat'>¹²</span> <span class='ocrx_word' id='word_1_117' title='bbox 3163 1278 3242 1339; x_wconf 91' lang='lat' dir='ltr'>Et</span> <span class='ocrx_word' id='word_1_118' title='bbox 3268 1285 3412 1357; x_wconf 66' lang='lat' dir='ltr'>qum</span> <span class='ocrx_word' id='word_1_119' title='bbox 3440 1280 3758 1341; x_wconf 86' lang='lat' dir='ltr'>abundauit</span> 
     </span>
     <span class='ocr_line' id='line_1_11' title="bbox 790 1372 3571 1451; baseline 0 -18"><span class='ocrx_word' id='word_1_120' title='bbox 790 1373 873 1434; x_wconf 92' lang='lat' dir='ltr'>tio</span> <span class='ocrx_word' id='word_1_121' title='bbox 898 1374 1227 1451; x_wconf 82' lang='lat' dir='ltr'>uiperamm</span> <span class='ocrx_word' id='word_1_122' title='bbox 1250 1404 1265 1419; x_wconf 91' lang='lat'><strong>·</strong></span> <span class='ocrx_word' id='word_1_123' title='bbox 1530 1374 1617 1433; x_wconf 83' lang='lat' dir='ltr'>‘tis</span> <span class='ocrx_word' id='word_1_124' title='bbox 1640 1405 1653 1420; x_wconf 94' lang='lat'><strong>·</strong></span> <span class='ocrx_word' id='word_1_125' title='bbox 1680 1407 1693 1421; x_wconf 91' lang='lat'><strong>·</strong></span> <span class='ocrx_word' id='word_1_126' title='bbox 1736 1374 1782 1409; x_wconf 81' lang='lat'>⁸⁸</span> <span class='ocrx_word' id='word_1_127' title='bbox 1804 1374 1965 1435; x_wconf 88' lang='lat' dir='ltr'>Ecce</span> <span class='ocrx_word' id='word_1_128' title='bbox 1993 1394 2057 1436; x_wconf 87' lang='lat' dir='ltr'>re</span> <span class='ocrx_word' id='word_1_129' title='bbox 2349 1372 2554 1448; x_wconf 87' lang='lat' dir='ltr'>nequis</span> <span class='ocrx_word' id='word_1_130' title='bbox 2581 1390 2690 1433; x_wconf 85' lang='lat' dir='ltr'>uos</span> <span class='ocrx_word' id='word_1_131' title='bbox 2719 1388 2781 1431; x_wconf 83' lang='lat' dir='ltr'>se</span> <span class='ocrx_word' id='word_1_132' title='bbox 3105 1372 3372 1449; x_wconf 85' lang='lat' dir='ltr'>iniquitas</span> <span class='ocrx_word' id='word_1_133' title='bbox 3439 1374 3571 1435; x_wconf 82' lang='lat' dir='ltr'>resti</span> 
     </span>
     <span class='ocr_line' id='line_1_12' title="bbox 792 1465 3668 1545; baseline 0 -18"><span class='ocrx_word' id='word_1_134' title='bbox 792 1465 1115 1539; x_wconf 88' lang='lat' dir='ltr'><strong>Quomodo</strong></span> <span class='ocrx_word' id='word_1_135' title='bbox 1142 1466 1374 1545; x_wconf 82' lang='lat' dir='ltr'>fugietis</span> <span class='ocrx_word' id='word_1_136' title='bbox 1544 1466 1831 1545; x_wconf 84' lang='lat' dir='ltr'>linquetur</span> <span class='ocrx_word' id='word_1_137' title='bbox 1856 1469 2026 1529; x_wconf 89' lang='lat' dir='ltr'>uobis</span> <span class='ocrx_word' id='word_1_138' title='bbox 2348 1466 2525 1525; x_wconf 90' lang='lat' dir='ltr'>ducat</span> <span class='ocrx_word' id='word_1_139' title='bbox 2545 1496 2562 1512; x_wconf 90' lang='lat'><strong>·</strong></span> <span class='ocrx_word' id='word_1_140' title='bbox 2605 1466 2628 1497; x_wconf 78' lang='lat'>⁸</span> <span class='ocrx_word' id='word_1_141' title='bbox 2643 1465 2810 1525; x_wconf 86' lang='lat' dir='ltr'>multi</span> <span class='ocrx_word' id='word_1_142' title='bbox 3103 1468 3286 1543; x_wconf 87' lang='lat' dir='ltr'>gescit</span> <span class='ocrx_word' id='word_1_143' title='bbox 3313 1469 3522 1527; x_wconf 79' lang='lat' dir='ltr'>caritas</span> <span class='ocrx_word' id='word_1_144' title='bbox 3549 1469 3668 1529; x_wconf 83' lang='lat' dir='ltr'>mui</span> 
     </span>
     <span class='ocr_line' id='line_1_13' title="bbox 788 1560 3706 1641; baseline 0 -20"><span class='ocrx_word' id='word_1_145' title='bbox 788 1579 825 1621; x_wconf 85' lang='lat' dir='ltr'>a</span> <span class='ocrx_word' id='word_1_146' title='bbox 852 1560 1065 1621; x_wconf 90' lang='lat' dir='ltr'>iudicio</span> <span class='ocrx_word' id='word_1_147' title='bbox 1092 1560 1359 1638; x_wconf 85' lang='lat' dir='ltr'>gehenne</span> <span class='ocrx_word' id='word_1_148' title='bbox 1376 1590 1393 1607; x_wconf 90' lang='lat'><strong>·</strong></span> <span class='ocrx_word' id='word_1_149' title='bbox 1543 1561 1757 1621; x_wconf 88' lang='lat' dir='ltr'>domus</span> <span class='ocrx_word' id='word_1_150' title='bbox 1780 1574 1976 1623; x_wconf 81' lang='lat' dir='ltr'>uestra</span> <span class='ocrx_word' id='word_1_151' title='bbox 2347 1560 2505 1618; x_wconf 87' lang='lat' dir='ltr'>enim</span> <span class='ocrx_word' id='word_1_152' title='bbox 2531 1560 2772 1619; x_wconf 86' lang='lat' dir='ltr'>uenient</span> <span class='ocrx_word' id='word_1_153' title='bbox 3103 1571 3298 1621; x_wconf 89' lang='lat' dir='ltr'>torum</span> <span class='ocrx_word' id='word_1_154' title='bbox 3320 1592 3336 1607; x_wconf 93' lang='lat'><strong>·</strong></span> <span class='ocrx_word' id='word_1_155' title='bbox 3399 1562 3444 1597; x_wconf 84' lang='lat'>¹⁸</span> <span class='ocrx_word' id='word_1_156' title='bbox 3463 1561 3578 1622; x_wconf 89' lang='lat' dir='ltr'>Sed</span> <span class='ocrx_word' id='word_1_157' title='bbox 3605 1563 3706 1641; x_wconf 86' lang='lat' dir='ltr'>qui</span> 
     </span>
     <span class='ocr_line' id='line_1_14' title="bbox 789 1654 3574 1732; baseline 0.001 -17"><span class='ocrx_word' id='word_1_158' title='bbox 789 1654 833 1688; x_wconf 84' lang='lat'>⁸⁴</span> <span class='ocrx_word' id='word_1_159' title='bbox 852 1655 998 1715; x_wconf 88' lang='lat' dir='ltr'>Ideo</span> <span class='ocrx_word' id='word_1_160' title='bbox 1027 1672 1169 1715; x_wconf 87' lang='lat' dir='ltr'>ecce</span> <span class='ocrx_word' id='word_1_161' title='bbox 1190 1672 1303 1732; x_wconf 86' lang='lat' dir='ltr'>ego</span> <span class='ocrx_word' id='word_1_162' title='bbox 1326 1656 1494 1716; x_wconf 86' lang='lat' dir='ltr'>mitto</span> <span class='ocrx_word' id='word_1_163' title='bbox 1544 1656 1774 1716; x_wconf 87' lang='lat' dir='ltr'>deserta</span> <span class='ocrx_word' id='word_1_164' title='bbox 1791 1687 1807 1704; x_wconf 89' lang='lat'><strong>·</strong></span> <span class='ocrx_word' id='word_1_165' title='bbox 1850 1656 1896 1691; x_wconf 79' lang='lat'>⁸⁹</span> <span class='ocrx_word' id='word_1_166' title='bbox 1914 1656 2067 1718; x_wconf 91' lang='lat' dir='ltr'><strong>Dico</strong></span> <span class='ocrx_word' id='word_1_167' title='bbox 2345 1654 2406 1711; x_wconf 86' lang='lat' dir='ltr'>in</span> <span class='ocrx_word' id='word_1_168' title='bbox 2435 1654 2673 1713; x_wconf 82' lang='lat' dir='ltr'>nomine</span> <span class='ocrx_word' id='word_1_169' title='bbox 2701 1670 2839 1713; x_wconf 81' lang='lat' dir='ltr'>meo</span> <span class='ocrx_word' id='word_1_170' title='bbox 3104 1656 3485 1730; x_wconf 84' lang='lat' dir='ltr'>permanserit</span> <span class='ocrx_word' id='word_1_171' title='bbox 3511 1656 3574 1715; x_wconf 81' lang='lat' dir='ltr'>in</span> 
     </span>
     <span class='ocr_line' id='line_1_15' title="bbox 788 1746 3632 1829; baseline 0 -20"><span class='ocrx_word' id='word_1_172' title='bbox 788 1748 867 1809; x_wconf 87' lang='lat' dir='ltr'>ad</span> <span class='ocrx_word' id='word_1_173' title='bbox 892 1764 1002 1809; x_wconf 85' lang='lat' dir='ltr'>uos</span> <span class='ocrx_word' id='word_1_174' title='bbox 1031 1748 1287 1826; x_wconf 79' lang='lat' dir='ltr'>profetas</span> <span class='ocrx_word' id='word_1_175' title='bbox 1542 1750 1700 1809; x_wconf 88' lang='lat' dir='ltr'>enim</span> <span class='ocrx_word' id='word_1_176' title='bbox 1728 1750 1899 1811; x_wconf 90' lang='lat' dir='ltr'>uobis</span> <span class='ocrx_word' id='word_1_177' title='bbox 1927 1782 1942 1797; x_wconf 91' lang='lat'><strong>·</strong></span> <span class='ocrx_word' id='word_1_178' title='bbox 1986 1752 2123 1829; x_wconf 77' lang='lat' dir='ltr'>quia</span> <span class='ocrx_word' id='word_1_179' title='bbox 2347 1748 2604 1807; x_wconf 87' lang='lat' dir='ltr'>dicentes</span> <span class='ocrx_word' id='word_1_180' title='bbox 2631 1765 2747 1825; x_wconf 90' lang='lat' dir='ltr'>ego</span> <span class='ocrx_word' id='word_1_181' title='bbox 3105 1746 3282 1807; x_wconf 85' lang='lat' dir='ltr'>finem</span> <span class='ocrx_word' id='word_1_182' title='bbox 3313 1748 3407 1809; x_wconf 90' lang='lat' dir='ltr'>hic</span> <span class='ocrx_word' id='word_1_183' title='bbox 3437 1750 3632 1810; x_wconf 79' lang='lat' dir='ltr'>saluus</span> 
     </span>
     <span class='ocr_line' id='line_1_16' title="bbox 790 1840 3652 1920; baseline 0.001 -18"><span class='ocrx_word' id='word_1_184' title='bbox 790 1853 850 1903; x_wconf 89' lang='lat' dir='ltr'>et</span> <span class='ocrx_word' id='word_1_185' title='bbox 876 1844 1168 1919; x_wconf 86' lang='lat' dir='ltr'>sapientes</span> <span class='ocrx_word' id='word_1_186' title='bbox 1234 1850 1293 1900; x_wconf 85' lang='lat' dir='ltr'>et</span> <span class='ocrx_word' id='word_1_187' title='bbox 1544 1861 1667 1903; x_wconf 90' lang='lat' dir='ltr'>non</span> <span class='ocrx_word' id='word_1_188' title='bbox 1696 1862 1773 1904; x_wconf 90' lang='lat' dir='ltr'>ne</span> <span class='ocrx_word' id='word_1_189' title='bbox 1802 1844 2067 1904; x_wconf 87' lang='lat' dir='ltr'>uidebitis</span> <span class='ocrx_word' id='word_1_190' title='bbox 2347 1859 2477 1900; x_wconf 87' lang='lat' dir='ltr'>sum</span> <span class='ocrx_word' id='word_1_191' title='bbox 2505 1846 2619 1918; x_wconf 60' lang='lat' dir='ltr'>xps</span> <span class='ocrx_word' id='word_1_192' title='bbox 2649 1851 2707 1901; x_wconf 91' lang='lat' dir='ltr'>et</span> <span class='ocrx_word' id='word_1_193' title='bbox 2735 1840 2858 1901; x_wconf 84' lang='lat' dir='ltr'>mul</span> <span class='ocrx_word' id='word_1_194' title='bbox 3101 1842 3244 1901; x_wconf 87' lang='lat' dir='ltr'>erit·</span> <span class='ocrx_word' id='word_1_195' title='bbox 3309 1842 3425 1902; x_wconf 71' lang='lat' dir='ltr'>“et</span> <span class='ocrx_word' id='word_1_196' title='bbox 3452 1844 3652 1920; x_wconf 84' lang='lat' dir='ltr'>praedi</span> 
     </span>
     <span class='ocr_line' id='line_1_17' title="bbox 792 1934 3648 1999; baseline 0 -3"><span class='ocrx_word' id='word_1_197' title='bbox 792 1938 1012 1997; x_wconf 79' lang='lat' dir='ltr'>scribas</span> <span class='ocrx_word' id='word_1_198' title='bbox 1032 1966 1049 1983; x_wconf 89' lang='lat'><strong>·</strong></span> <span class='ocrx_word' id='word_1_199' title='bbox 1088 1952 1165 1996; x_wconf 86' lang='lat' dir='ltr'>ex</span> <span class='ocrx_word' id='word_1_200' title='bbox 1188 1935 1299 1994; x_wconf 87' lang='lat' dir='ltr'>illis</span> <span class='ocrx_word' id='word_1_201' title='bbox 1542 1954 1579 1996; x_wconf 86' lang='lat' dir='ltr'>a</span> <span class='ocrx_word' id='word_1_202' title='bbox 1608 1937 1787 1998; x_wconf 92' lang='lat' dir='ltr'>modo</span> <span class='ocrx_word' id='word_1_203' title='bbox 1810 1968 1826 1985; x_wconf 93' lang='lat'><strong>·</strong></span> <span class='ocrx_word' id='word_1_204' title='bbox 1866 1938 2059 1999; x_wconf 87' lang='lat' dir='ltr'>donec</span> <span class='ocrx_word' id='word_1_205' title='bbox 2346 1946 2440 1995; x_wconf 91' lang='lat' dir='ltr'>tos</span> <span class='ocrx_word' id='word_1_206' title='bbox 2468 1934 2747 1994; x_wconf 83' lang='lat' dir='ltr'>seducent</span> <span class='ocrx_word' id='word_1_207' title='bbox 2770 1967 2784 1984; x_wconf 93' lang='lat'><strong>·</strong></span> <span class='ocrx_word' id='word_1_208' title='bbox 3103 1936 3326 1995; x_wconf 87' lang='lat' dir='ltr'>cabitur</span> <span class='ocrx_word' id='word_1_209' title='bbox 3351 1936 3466 1997; x_wconf 92' lang='lat' dir='ltr'>hoc</span> <span class='ocrx_word' id='word_1_210' title='bbox 3495 1952 3648 1997; x_wconf 86' lang='lat' dir='ltr'>euan</span> 
     </span>
     <span class='ocr_line' id='line_1_18' title="bbox 791 2028 3646 2107; baseline 0 -17"><span class='ocrx_word' id='word_1_211' title='bbox 791 2028 1072 2090; x_wconf 85' lang='lat' dir='ltr'>occidetis</span> <span class='ocrx_word' id='word_1_212' title='bbox 1098 2039 1157 2089; x_wconf 90' lang='lat' dir='ltr'>et</span> <span class='ocrx_word' id='word_1_213' title='bbox 1180 2042 1289 2087; x_wconf 85' lang='lat' dir='ltr'>cru</span> <span class='ocrx_word' id='word_1_214' title='bbox 1543 2030 1747 2091; x_wconf 87' lang='lat' dir='ltr'>dicatis</span> <span class='ocrx_word' id='word_1_215' title='bbox 1767 2032 1919 2091; x_wconf 85' lang='lat' dir='ltr'>bene</span> <span class='ocrx_word' id='word_1_216' title='bbox 2345 2029 2368 2062; x_wconf 83' lang='lat'>⁸</span> <span class='ocrx_word' id='word_1_217' title='bbox 2383 2029 2645 2088; x_wconf 89' lang='lat' dir='ltr'>Audietis</span> <span class='ocrx_word' id='word_1_218' title='bbox 2674 2040 2869 2089; x_wconf 86' lang='lat' dir='ltr'>autem</span> <span class='ocrx_word' id='word_1_219' title='bbox 3102 2029 3318 2106; x_wconf 85' lang='lat' dir='ltr'>gelium</span> <span class='ocrx_word' id='word_1_220' title='bbox 3346 2032 3510 2107; x_wconf 88' lang='lat' dir='ltr'>regni</span> <span class='ocrx_word' id='word_1_221' title='bbox 3529 2062 3544 2077; x_wconf 92' lang='lat'><strong>·</strong></span> <span class='ocrx_word' id='word_1_222' title='bbox 3587 2032 3646 2091; x_wconf 87' lang='lat' dir='ltr'>in</span> 
     </span>
     <span class='ocr_line' id='line_1_19' title="bbox 792 2120 3564 2203; baseline 0.001 -20"><span class='ocrx_word' id='word_1_223' title='bbox 792 2124 1040 2200; x_wconf 82' lang='lat' dir='ltr'>cifigetis</span> <span class='ocrx_word' id='word_1_224' title='bbox 1058 2152 1073 2169; x_wconf 92' lang='lat'><strong>·</strong></span> <span class='ocrx_word' id='word_1_225' title='bbox 1116 2140 1189 2181; x_wconf 84' lang='lat' dir='ltr'>ex</span> <span class='ocrx_word' id='word_1_226' title='bbox 1216 2120 1327 2183; x_wconf 81' lang='lat' dir='ltr'>illis</span> <span class='ocrx_word' id='word_1_227' title='bbox 1541 2124 1730 2184; x_wconf 89' lang='lat' dir='ltr'>dictus</span> <span class='ocrx_word' id='word_1_228' title='bbox 1758 2126 1857 2203; x_wconf 88' lang='lat' dir='ltr'>qui</span> <span class='ocrx_word' id='word_1_229' title='bbox 1883 2142 1959 2185; x_wconf 83' lang='lat' dir='ltr'>ue</span> <span class='ocrx_word' id='word_1_230' title='bbox 2347 2123 2569 2201; x_wconf 88' lang='lat' dir='ltr'>proelia</span> <span class='ocrx_word' id='word_1_231' title='bbox 2593 2133 2654 2183; x_wconf 89' lang='lat' dir='ltr'>et</span> <span class='ocrx_word' id='word_1_232' title='bbox 2679 2123 2777 2201; x_wconf 88' lang='lat' dir='ltr'>opi</span> <span class='ocrx_word' id='word_1_233' title='bbox 3099 2124 3374 2185; x_wconf 82' lang='lat' dir='ltr'>uniuerso</span> <span class='ocrx_word' id='word_1_234' title='bbox 3401 2125 3528 2185; x_wconf 89' lang='lat' dir='ltr'>orbi</span> <span class='ocrx_word' id='word_1_235' title='bbox 3547 2156 3564 2172; x_wconf 90' lang='lat'><strong>·</strong></span> 
     </span>
     <span class='ocr_line' id='line_1_20' title="bbox 790 2216 3580 2296; baseline 0 -19"><span class='ocrx_word' id='word_1_236' title='bbox 790 2216 1157 2295; x_wconf 82' lang='lat' dir='ltr'>flagellabitis</span> <span class='ocrx_word' id='word_1_237' title='bbox 1184 2216 1249 2275; x_wconf 89' lang='lat' dir='ltr'>in</span> <span class='ocrx_word' id='word_1_238' title='bbox 1542 2218 1627 2277; x_wconf 89' lang='lat' dir='ltr'>nit</span> <span class='ocrx_word' id='word_1_239' title='bbox 1652 2219 1711 2277; x_wconf 90' lang='lat' dir='ltr'>in</span> <span class='ocrx_word' id='word_1_240' title='bbox 1738 2220 1979 2279; x_wconf 88' lang='lat' dir='ltr'>nomine</span> <span class='ocrx_word' id='word_1_241' title='bbox 2347 2217 2553 2277; x_wconf 86' lang='lat' dir='ltr'>niones</span> <span class='ocrx_word' id='word_1_242' title='bbox 2581 2218 2764 2296; x_wconf 87' lang='lat' dir='ltr'>proeli</span> <span class='ocrx_word' id='word_1_243' title='bbox 3099 2218 3160 2275; x_wconf 89' lang='lat' dir='ltr'>in</span> <span class='ocrx_word' id='word_1_244' title='bbox 3189 2219 3580 2279; x_wconf 89' lang='lat' dir='ltr'>testimonium</span> 
     </span>
     <span class='ocr_line' id='line_1_21' title="bbox 791 2308 3702 2389; baseline -0 -16"><span class='ocrx_word' id='word_1_245' title='bbox 791 2311 1109 2389; x_wconf 82' lang='lat' dir='ltr'>synagogis</span> <span class='ocrx_word' id='word_1_246' title='bbox 1134 2308 1337 2371; x_wconf 83' lang='lat' dir='ltr'>uestris</span> <span class='ocrx_word' id='word_1_247' title='bbox 1542 2312 1767 2372; x_wconf 88' lang='lat' dir='ltr'>domini</span> <span class='ocrx_word' id='word_1_248' title='bbox 1792 2334 1867 2365; x_wconf 60' lang='lat'>⁴-</span> <span class='ocrx_word' id='word_1_249' title='bbox 2344 2328 2514 2370; x_wconf 89' lang='lat' dir='ltr'>orum</span> <span class='ocrx_word' id='word_1_250' title='bbox 2535 2340 2552 2357; x_wconf 90' lang='lat'><strong>·</strong></span> <span class='ocrx_word' id='word_1_251' title='bbox 2595 2310 2803 2372; x_wconf 85' lang='lat' dir='ltr'>Uidete</span> <span class='ocrx_word' id='word_1_252' title='bbox 3097 2312 3371 2371; x_wconf 82' lang='lat' dir='ltr'>omnibus</span> <span class='ocrx_word' id='word_1_253' title='bbox 3395 2312 3663 2389; x_wconf 75' lang='lat' dir='ltr'>gentibus</span> <span class='ocrx_word' id='word_1_254' title='bbox 3685 2345 3702 2361; x_wconf 90' lang='lat'><strong>·</strong></span> 
     </span>
     <span class='ocr_line' id='line_1_22' title="bbox 789 2440 3542 2521; baseline 0.001 -18"><span class='ocrx_word' id='word_1_255' title='bbox 789 2442 869 2503; x_wconf 91' lang='lat' dir='ltr'>Et</span> <span class='ocrx_word' id='word_1_256' title='bbox 892 2442 1302 2521; x_wconf 85' lang='lat' dir='ltr'>persequimini</span> <span class='ocrx_word' id='word_1_257' title='bbox 1494 2440 1526 2477; x_wconf 69' lang='lat'>‘¹</span> <span class='ocrx_word' id='word_1_258' title='bbox 1546 2450 1652 2505; x_wconf 77' lang='lat'>24.</span> <span class='ocrx_word' id='word_1_259' title='bbox 1694 2442 1801 2503; x_wconf 89' lang='lat' dir='ltr'>¹Et</span> <span class='ocrx_word' id='word_1_260' title='bbox 1826 2456 2096 2521; x_wconf 84' lang='lat' dir='ltr'>egressus</span> <span class='ocrx_word' id='word_1_261' title='bbox 2120 2444 2212 2505; x_wconf 80' lang='lat' dir='ltr'>ihs</span> <span class='ocrx_word' id='word_1_262' title='bbox 2345 2462 2421 2503; x_wconf 88' lang='lat' dir='ltr'>ne</span> <span class='ocrx_word' id='word_1_263' title='bbox 2450 2444 2759 2503; x_wconf 86' lang='lat' dir='ltr'>turbemini</span> <span class='ocrx_word' id='word_1_264' title='bbox 2779 2474 2797 2493; x_wconf 63' lang='grc' dir='ltr'><strong>ο</strong></span> <span class='ocrx_word' id='word_1_265' title='bbox 2845 2474 2852 2483; x_wconf 85' lang='grc'><em>·</em></span> <span class='ocrx_word' id='word_1_266' title='bbox 3096 2456 3155 2506; x_wconf 92' lang='lat' dir='ltr'>et</span> <span class='ocrx_word' id='word_1_267' title='bbox 3183 2458 3320 2507; x_wconf 87' lang='lat' dir='ltr'>tunc</span> <span class='ocrx_word' id='word_1_268' title='bbox 3347 2448 3542 2507; x_wconf 86' lang='lat' dir='ltr'>ueniet</span> 
     </span>
     <span class='ocr_line' id='line_1_23' title="bbox 790 2536 3516 2616; baseline -0.001 -17"><span class='ocrx_word' id='word_1_269' title='bbox 790 2539 864 2600; x_wconf 91' lang='lat' dir='ltr'>de</span> <span class='ocrx_word' id='word_1_270' title='bbox 894 2539 1120 2599; x_wconf 82' lang='lat' dir='ltr'>ciuitate</span> <span class='ocrx_word' id='word_1_271' title='bbox 1148 2537 1209 2596; x_wconf 91' lang='lat' dir='ltr'>in</span> <span class='ocrx_word' id='word_1_272' title='bbox 1234 2537 1351 2596; x_wconf 89' lang='lat' dir='ltr'>ciui</span> <span class='ocrx_word' id='word_1_273' title='bbox 1488 2536 1523 2571; x_wconf 76' lang='lat'>⁸¹</span> <span class='ocrx_word' id='word_1_274' title='bbox 1544 2539 1618 2598; x_wconf 90' lang='lat' dir='ltr'>de</span> <span class='ocrx_word' id='word_1_275' title='bbox 1651 2539 1873 2616; x_wconf 83' lang='lat' dir='ltr'>templo</span> <span class='ocrx_word' id='word_1_276' title='bbox 1894 2571 1912 2586; x_wconf 91' lang='lat'><strong>·</strong></span> <span class='ocrx_word' id='word_1_277' title='bbox 1954 2539 2075 2600; x_wconf 86' lang='lat' dir='ltr'>ibat</span> <span class='ocrx_word' id='word_1_278' title='bbox 2094 2572 2111 2588; x_wconf 91' lang='lat'><strong>·</strong></span> <span class='ocrx_word' id='word_1_279' title='bbox 2347 2537 2596 2615; x_wconf 82' lang='lat' dir='ltr'>Oportet</span> <span class='ocrx_word' id='word_1_280' title='bbox 2621 2541 2780 2598; x_wconf 88' lang='lat' dir='ltr'>enim</span> <span class='ocrx_word' id='word_1_281' title='bbox 2809 2537 2954 2600; x_wconf 84' lang='lat' dir='ltr'>haec</span> <span class='ocrx_word' id='word_1_282' title='bbox 3137 2567 3217 2594; x_wconf 53' lang='lat' dir='ltr'>„a—</span> <span class='ocrx_word' id='word_1_283' title='bbox 3261 2543 3392 2602; x_wconf 87' lang='lat' dir='ltr'>finis</span> <span class='ocrx_word' id='word_1_284' title='bbox 3431 2565 3516 2596; x_wconf 64' lang='grc' dir='ltr'>,ι-</span> 
     </span>
     <span class='ocr_line' id='line_1_24' title="bbox 788 2631 3696 2714; baseline 0.001 -21"><span class='ocrx_word' id='word_1_285' title='bbox 788 2641 965 2710; x_wconf 87' lang='lat' dir='ltr'>tatem</span> <span class='ocrx_word' id='word_1_286' title='bbox 986 2663 1000 2680; x_wconf 94' lang='lat'><strong>·</strong></span> <span class='ocrx_word' id='word_1_287' title='bbox 1062 2631 1187 2691; x_wconf 75' lang='lat' dir='ltr'>⁸⁸ut</span> <span class='ocrx_word' id='word_1_288' title='bbox 1212 2632 1407 2690; x_wconf 83' lang='lat' dir='ltr'>ueniat</span> <span class='ocrx_word' id='word_1_289' title='bbox 1489 2631 1521 2665; x_wconf 76' lang='lat'>*¹</span> <span class='ocrx_word' id='word_1_290' title='bbox 1541 2644 1600 2693; x_wconf 92' lang='lat' dir='ltr'>et</span> <span class='ocrx_word' id='word_1_291' title='bbox 1626 2643 1999 2694; x_wconf 87' lang='lat' dir='ltr'>accesserunt</span> <span class='ocrx_word' id='word_1_292' title='bbox 2347 2631 2469 2690; x_wconf 87' lang='lat' dir='ltr'>fien&#39;</span> <span class='ocrx_word' id='word_1_293' title='bbox 2535 2633 2638 2692; x_wconf 88' lang='lat' dir='ltr'>sed</span> <span class='ocrx_word' id='word_1_294' title='bbox 2665 2634 2870 2692; x_wconf 71' lang='lat' dir='ltr'>nondfi</span> <span class='ocrx_word' id='word_1_295' title='bbox 3041 2631 3074 2666; x_wconf 66' lang='lat'>¹*</span> <span class='ocrx_word' id='word_1_296' title='bbox 3095 2631 3141 2668; x_wconf 62' lang='grc' dir='ltr'>’ὅ</span> <span class='ocrx_word' id='word_1_297' title='bbox 3159 2635 3312 2696; x_wconf 89' lang='lat' dir='ltr'>Cum</span> <span class='ocrx_word' id='word_1_298' title='bbox 3339 2651 3484 2714; x_wconf 86' lang='lat' dir='ltr'>ergo</span> <span class='ocrx_word' id='word_1_299' title='bbox 3513 2633 3696 2696; x_wconf 85' lang='lat' dir='ltr'>uideri</span> 
     </span>
     <span class='ocr_line' id='line_1_25' title="bbox 788 2721 3514 2805; baseline 0.001 -18"><span class='ocrx_word' id='word_1_300' title='bbox 788 2745 960 2804; x_wconf 86' lang='lat' dir='ltr'>super</span> <span class='ocrx_word' id='word_1_301' title='bbox 988 2743 1100 2785; x_wconf 87' lang='lat' dir='ltr'>uos</span> <span class='ocrx_word' id='word_1_302' title='bbox 1126 2721 1321 2784; x_wconf 81' lang='lat' dir='ltr'>omnis</span> <span class='ocrx_word' id='word_1_303' title='bbox 1490 2726 1521 2761; x_wconf 86' lang='lat'><strong>*</strong></span> <span class='ocrx_word' id='word_1_304' title='bbox 1541 2727 1801 2805; x_wconf 89' lang='lat' dir='ltr'>discipuli</span> <span class='ocrx_word' id='word_1_305' title='bbox 1828 2729 1952 2788; x_wconf 84' lang='lat' dir='ltr'>eius</span> <span class='ocrx_word' id='word_1_306' title='bbox 1970 2757 1985 2776; x_wconf 90' lang='lat'><strong>·</strong></span> <span class='ocrx_word' id='word_1_307' title='bbox 2339 2737 2434 2785; x_wconf 87' lang='lat' dir='ltr'>est</span> <span class='ocrx_word' id='word_1_308' title='bbox 2459 2725 2591 2787; x_wconf 85' lang='lat' dir='ltr'>finis</span> <span class='ocrx_word' id='word_1_309' title='bbox 2609 2757 2624 2772; x_wconf 94' lang='lat'><strong>·</strong></span> <span class='ocrx_word' id='word_1_310' title='bbox 2686 2724 2884 2786; x_wconf 80' lang='lat' dir='ltr'>&#39;&#39;insur</span> <span class='ocrx_word' id='word_1_311' title='bbox 3045 2726 3076 2761; x_wconf 70' lang='lat'>¹*</span> <span class='ocrx_word' id='word_1_312' title='bbox 3098 2729 3169 2788; x_wconf 89' lang='lat' dir='ltr'>tis</span> <span class='ocrx_word' id='word_1_313' title='bbox 3197 2729 3514 2790; x_wconf 81' lang='lat' dir='ltr'>abhomina</span> 
     </span>
     <span class='ocr_line' id='line_1_26' title="bbox 788 2819 3486 2897; baseline 0.001 -17"><span class='ocrx_word' id='word_1_314' title='bbox 788 2821 1023 2897; x_wconf 83' lang='lat' dir='ltr'>sang-uis</span> <span class='ocrx_word' id='word_1_315' title='bbox 1044 2821 1227 2879; x_wconf 84' lang='lat' dir='ltr'>iustus</span> <span class='ocrx_word' id='word_1_316' title='bbox 1490 2821 1521 2854; x_wconf 83' lang='grc'>*</span> <span class='ocrx_word' id='word_1_317' title='bbox 1540 2833 1603 2882; x_wconf 90' lang='lat' dir='ltr'>ut</span> <span class='ocrx_word' id='word_1_318' title='bbox 1628 2821 2006 2883; x_wconf 86' lang='lat' dir='ltr'>ostenderent</span> <span class='ocrx_word' id='word_1_319' title='bbox 2341 2829 2442 2896; x_wconf 86' lang='lat' dir='ltr'>get</span> <span class='ocrx_word' id='word_1_320' title='bbox 2468 2819 2627 2879; x_wconf 90' lang='lat' dir='ltr'>enim</span> <span class='ocrx_word' id='word_1_321' title='bbox 2653 2837 2802 2897; x_wconf 82' lang='lat' dir='ltr'>gens</span> <span class='ocrx_word' id='word_1_322' title='bbox 2829 2835 2944 2881; x_wconf 87' lang='lat' dir='ltr'>con</span> <span class='ocrx_word' id='word_1_323' title='bbox 3043 2820 3075 2854; x_wconf 82' lang='lat'>&#39;⁸¹</span> <span class='ocrx_word' id='word_1_324' title='bbox 3095 2824 3313 2882; x_wconf 90' lang='lat' dir='ltr'>tionem</span> <span class='ocrx_word' id='word_1_325' title='bbox 3339 2823 3486 2884; x_wconf 88' lang='lat' dir='ltr'>deso</span> 
     </span>
     <span class='ocr_line' id='line_1_27' title="bbox 786 2909 3562 2995; baseline 0.002 -22"><span class='ocrx_word' id='word_1_326' title='bbox 786 2914 885 2993; x_wconf 88' lang='lat' dir='ltr'>qui</span> <span class='ocrx_word' id='word_1_327' title='bbox 916 2909 1227 2972; x_wconf 74' lang='lat' dir='ltr'>effunditur</span> <span class='ocrx_word' id='word_1_328' title='bbox 1254 2927 1324 2972; x_wconf 87' lang='lat' dir='ltr'>su</span> <span class='ocrx_word' id='word_1_329' title='bbox 1489 2914 1520 2949; x_wconf 70' lang='lat'>¹*</span> <span class='ocrx_word' id='word_1_330' title='bbox 1540 2916 1593 2975; x_wconf 92' lang='lat' dir='ltr'>ei</span> <span class='ocrx_word' id='word_1_331' title='bbox 1620 2923 1932 2976; x_wconf 76' lang='lat' dir='ltr'>structuras</span> <span class='ocrx_word' id='word_1_332' title='bbox 2339 2921 2430 2971; x_wconf 84' lang='lat' dir='ltr'>tra</span> <span class='ocrx_word' id='word_1_333' title='bbox 2456 2922 2694 2990; x_wconf 83' lang='lat' dir='ltr'>gentem</span> <span class='ocrx_word' id='word_1_334' title='bbox 2715 2945 2734 2960; x_wconf 66' lang='grc' dir='ltr'><strong><em>ο</em></strong></span> <span class='ocrx_word' id='word_1_335' title='bbox 2773 2924 2834 2974; x_wconf 87' lang='lat' dir='ltr'>et</span> <span class='ocrx_word' id='word_1_336' title='bbox 2895 2933 2900 2938; x_wconf 90' lang='lat'><em>·</em></span> <span class='ocrx_word' id='word_1_337' title='bbox 3044 2915 3322 2978; x_wconf 77' lang='lat' dir='ltr'>*lationis</span> <span class='ocrx_word' id='word_1_338' title='bbox 3343 2945 3358 2964; x_wconf 92' lang='lat'><strong>·</strong></span> <span class='ocrx_word' id='word_1_339' title='bbox 3402 2917 3562 2995; x_wconf 90' lang='lat' dir='ltr'>quod</span> 
     </span>
     <span class='ocr_line' id='line_1_28' title="bbox 786 3005 3560 3089; baseline 0.002 -23"><span class='ocrx_word' id='word_1_340' title='bbox 786 3025 889 3086; x_wconf 89' lang='lat' dir='ltr'>per</span> <span class='ocrx_word' id='word_1_341' title='bbox 914 3017 1125 3067; x_wconf 86' lang='lat' dir='ltr'>terram</span> <span class='ocrx_word' id='word_1_342' title='bbox 1143 3039 1159 3054; x_wconf 93' lang='lat'><strong>·</strong></span> <span class='ocrx_word' id='word_1_343' title='bbox 1203 3007 1255 3066; x_wconf 77' lang='lat' dir='ltr'>A</span> <span class='ocrx_word' id='word_1_344' title='bbox 1488 3008 1520 3042; x_wconf 82' lang='lat'>&#39;⁸¹</span> <span class='ocrx_word' id='word_1_345' title='bbox 1539 3009 1740 3086; x_wconf 87' lang='lat' dir='ltr'>templi</span> <span class='ocrx_word' id='word_1_346' title='bbox 1762 3040 1778 3057; x_wconf 90' lang='lat'><strong>·</strong></span> <span class='ocrx_word' id='word_1_347' title='bbox 1841 3005 1866 3041; x_wconf 74' lang='lat'><strong>³</strong></span> <span class='ocrx_word' id='word_1_348' title='bbox 1879 3008 1981 3068; x_wconf 83' lang='lat' dir='ltr'>Ihs</span> <span class='ocrx_word' id='word_1_349' title='bbox 2008 3013 2141 3070; x_wconf 71' lang='lat' dir='ltr'>aute</span> <span class='ocrx_word' id='word_1_350' title='bbox 2341 3024 2589 3082; x_wconf 86' lang='lat' dir='ltr'>regnum</span> <span class='ocrx_word' id='word_1_351' title='bbox 2617 3007 2798 3068; x_wconf 88' lang='lat' dir='ltr'>aduer</span> <span class='ocrx_word' id='word_1_352' title='bbox 3094 3011 3312 3071; x_wconf 92' lang='lat' dir='ltr'>dictum</span> <span class='ocrx_word' id='word_1_353' title='bbox 3339 3021 3430 3072; x_wconf 89' lang='lat' dir='ltr'>est</span> <span class='ocrx_word' id='word_1_354' title='bbox 3455 3029 3560 3089; x_wconf 87' lang='lat' dir='ltr'>per</span> 
     </span>
     <span class='ocr_line' id='line_1_29' title="bbox 788 3100 3592 3184; baseline 0.002 -23"><span class='ocrx_word' id='word_1_355' title='bbox 788 3103 1069 3179; x_wconf 83' lang='lat' dir='ltr'>sanguine</span> <span class='ocrx_word' id='word_1_356' title='bbox 1098 3101 1229 3160; x_wconf 87' lang='lat' dir='ltr'>abel</span> <span class='ocrx_word' id='word_1_357' title='bbox 1256 3101 1345 3160; x_wconf 85' lang='lat' dir='ltr'>ius</span> <span class='ocrx_word' id='word_1_358' title='bbox 1538 3100 1903 3180; x_wconf 86' lang='lat' dir='ltr'>respondens</span> <span class='ocrx_word' id='word_1_359' title='bbox 1929 3103 2070 3163; x_wconf 81' lang='lat' dir='ltr'>dixit</span> <span class='ocrx_word' id='word_1_360' title='bbox 2339 3117 2440 3159; x_wconf 82' lang='lat' dir='ltr'>sus</span> <span class='ocrx_word' id='word_1_361' title='bbox 2467 3118 2715 3177; x_wconf 86' lang='lat' dir='ltr'>regnum</span> <span class='ocrx_word' id='word_1_362' title='bbox 2738 3131 2754 3146; x_wconf 93' lang='lat'><strong>·</strong></span> <span class='ocrx_word' id='word_1_363' title='bbox 2793 3111 2852 3160; x_wconf 92' lang='lat' dir='ltr'>et</span> <span class='ocrx_word' id='word_1_364' title='bbox 3093 3105 3286 3166; x_wconf 85' lang='lat' dir='ltr'>daniel</span> <span class='ocrx_word' id='word_1_365' title='bbox 3313 3106 3592 3184; x_wconf 53' lang='lat' dir='ltr'>profeta*</span> 
     </span>
     <span class='ocr_line' id='line_1_30' title="bbox 784 3193 3520 3271; baseline 0.002 -17"><span class='ocrx_word' id='word_1_366' title='bbox 784 3195 827 3254; x_wconf 89' lang='lat' dir='ltr'>ti</span> <span class='ocrx_word' id='word_1_367' title='bbox 850 3227 865 3242; x_wconf 91' lang='lat'><strong>·</strong></span> <span class='ocrx_word' id='word_1_368' title='bbox 907 3211 1089 3271; x_wconf 87' lang='lat' dir='ltr'>usque</span> <span class='ocrx_word' id='word_1_369' title='bbox 1116 3194 1192 3253; x_wconf 87' lang='lat' dir='ltr'>ad</span> <span class='ocrx_word' id='word_1_370' title='bbox 1219 3211 1327 3253; x_wconf 88' lang='lat' dir='ltr'>san</span> <span class='ocrx_word' id='word_1_371' title='bbox 1538 3197 1622 3257; x_wconf 89' lang='lat' dir='ltr'>eis</span> <span class='ocrx_word' id='word_1_372' title='bbox 1644 3229 1657 3244; x_wconf 93' lang='lat'><strong>·</strong></span> <span class='ocrx_word' id='word_1_373' title='bbox 1702 3214 1825 3257; x_wconf 92' lang='lat' dir='ltr'>non</span> <span class='ocrx_word' id='word_1_374' title='bbox 1852 3198 2056 3257; x_wconf 87' lang='lat' dir='ltr'>uidetis</span> <span class='ocrx_word' id='word_1_375' title='bbox 2337 3203 2506 3253; x_wconf 87' lang='lat' dir='ltr'>erunt</span> <span class='ocrx_word' id='word_1_376' title='bbox 2533 3193 2717 3255; x_wconf 81' lang='lat' dir='ltr'>fames</span> <span class='ocrx_word' id='word_1_377' title='bbox 2737 3226 2751 3243; x_wconf 93' lang='lat'><strong>·</strong></span> <span class='ocrx_word' id='word_1_378' title='bbox 2793 3205 2853 3254; x_wconf 88' lang='lat' dir='ltr'>et</span> <span class='ocrx_word' id='word_1_379' title='bbox 3093 3209 3342 3259; x_wconf 87' lang='lat' dir='ltr'>stantem</span> <span class='ocrx_word' id='word_1_380' title='bbox 3371 3201 3431 3258; x_wconf 88' lang='lat' dir='ltr'>in</span> <span class='ocrx_word' id='word_1_381' title='bbox 3460 3199 3520 3260; x_wconf 95' lang='lat' dir='ltr'>lo</span> 
     </span>
     <span class='ocr_line' id='line_1_31' title="bbox 784 3287 3541 3371; baseline 0.004 -25"><span class='ocrx_word' id='word_1_382' title='bbox 784 3289 1021 3366; x_wconf 87' lang='lat' dir='ltr'>guinem</span> <span class='ocrx_word' id='word_1_383' title='bbox 1050 3287 1348 3347; x_wconf 83' lang='lat' dir='ltr'>zachariae</span> <span class='ocrx_word' id='word_1_384' title='bbox 1536 3289 1684 3350; x_wconf 87' lang='lat' dir='ltr'>haec</span> <span class='ocrx_word' id='word_1_385' title='bbox 1712 3291 1949 3350; x_wconf 84' lang='lat' dir='ltr'>omnia·</span> <span class='ocrx_word' id='word_1_386' title='bbox 2001 3293 2198 3352; x_wconf 89' lang='lat' dir='ltr'>Amen</span> <span class='ocrx_word' id='word_1_387' title='bbox 2337 3297 2531 3364; x_wconf 84' lang='lat' dir='ltr'>pestes</span> <span class='ocrx_word' id='word_1_388' title='bbox 2556 3319 2569 3335; x_wconf 93' lang='lat'><strong>·</strong></span> <span class='ocrx_word' id='word_1_389' title='bbox 2613 3297 2673 3348; x_wconf 88' lang='lat' dir='ltr'>et</span> <span class='ocrx_word' id='word_1_390' title='bbox 2699 3299 2851 3350; x_wconf 86' lang='lat' dir='ltr'>terre</span> <span class='ocrx_word' id='word_1_391' title='bbox 3092 3311 3166 3352; x_wconf 93' lang='lat' dir='ltr'>co</span> <span class='ocrx_word' id='word_1_392' title='bbox 3196 3299 3299 3353; x_wconf 69' lang='lat' dir='ltr'>sco</span> <span class='ocrx_word' id='word_1_393' title='bbox 3359 3295 3459 3371; x_wconf 89' lang='lat' dir='ltr'>qui</span> <span class='ocrx_word' id='word_1_394' title='bbox 3487 3292 3541 3353; x_wconf 88' lang='lat' dir='ltr'>le</span> 
     </span>
     <span class='ocr_line' id='line_1_32' title="bbox 786 3380 3536 3464; baseline 0.002 -24"><span class='ocrx_word' id='word_1_395' title='bbox 786 3382 867 3441; x_wconf 90' lang='lat' dir='ltr'>fili</span> <span class='ocrx_word' id='word_1_396' title='bbox 894 3380 1131 3441; x_wconf 86' lang='lat' dir='ltr'>barachi</span> <span class='ocrx_word' id='word_1_397' title='bbox 1154 3411 1169 3427; x_wconf 92' lang='lat'><strong>·</strong></span> <span class='ocrx_word' id='word_1_398' title='bbox 1212 3397 1389 3458; x_wconf 87' lang='lat' dir='ltr'>quem</span> <span class='ocrx_word' id='word_1_399' title='bbox 1538 3385 1670 3445; x_wconf 93' lang='lat' dir='ltr'>dico</span> <span class='ocrx_word' id='word_1_400' title='bbox 1696 3384 1867 3444; x_wconf 83' lang='lat' dir='ltr'>uobis</span> <span class='ocrx_word' id='word_1_401' title='bbox 1934 3401 2059 3444; x_wconf 90' lang='lat' dir='ltr'>non</span> <span class='ocrx_word' id='word_1_402' title='bbox 2339 3393 2534 3441; x_wconf 84' lang='lat' dir='ltr'>motus</span> <span class='ocrx_word' id='word_1_403' title='bbox 2561 3398 2664 3459; x_wconf 90' lang='lat' dir='ltr'>per</span> <span class='ocrx_word' id='word_1_404' title='bbox 2692 3382 2824 3443; x_wconf 87' lang='lat' dir='ltr'>loca</span> <span class='ocrx_word' id='word_1_405' title='bbox 2843 3413 2858 3430; x_wconf 92' lang='lat'><strong>·</strong></span> <span class='ocrx_word' id='word_1_406' title='bbox 3091 3387 3176 3462; x_wconf 83' lang='lat' dir='ltr'>git</span> <span class='ocrx_word' id='word_1_407' title='bbox 3203 3386 3498 3464; x_wconf 84' lang='lat' dir='ltr'>intellegat</span> <span class='ocrx_word' id='word_1_408' title='bbox 3521 3419 3536 3435; x_wconf 91' lang='lat'><strong>·</strong></span> 
     </span>
     <span class='ocr_line' id='line_1_33' title="bbox 785 3473 3740 3558; baseline 0.002 -21"><span class='ocrx_word' id='word_1_409' title='bbox 785 3475 1077 3537; x_wconf 83' lang='lat' dir='ltr'>occidistis</span> <span class='ocrx_word' id='word_1_410' title='bbox 1104 3476 1252 3534; x_wconf 87' lang='lat' dir='ltr'>inter</span> <span class='ocrx_word' id='word_1_411' title='bbox 1536 3478 1889 3556; x_wconf 88' lang='lat' dir='ltr'>relinquetur</span> <span class='ocrx_word' id='word_1_412' title='bbox 1916 3477 2011 3538; x_wconf 90' lang='lat' dir='ltr'>hic</span> <span class='ocrx_word' id='word_1_413' title='bbox 2337 3473 2362 3508; x_wconf 84' lang='lat'>⁸</span> <span class='ocrx_word' id='word_1_414' title='bbox 2380 3476 2598 3537; x_wconf 84' lang='lat' dir='ltr'>Omnia</span> <span class='ocrx_word' id='word_1_415' title='bbox 2625 3487 2820 3536; x_wconf 86' lang='lat' dir='ltr'>autem</span> <span class='ocrx_word' id='word_1_416' title='bbox 2848 3475 2992 3538; x_wconf 87' lang='lat' dir='ltr'>haec</span> <span class='ocrx_word' id='word_1_417' title='bbox 3023 3511 3036 3527; x_wconf 90' lang='lat'><em>·</em></span> <span class='ocrx_word' id='word_1_418' title='bbox 3090 3479 3134 3513; x_wconf 80' lang='lat'>¹⁸</span> <span class='ocrx_word' id='word_1_419' title='bbox 3150 3481 3326 3540; x_wconf 90' lang='lat' dir='ltr'>Tunc</span> <span class='ocrx_word' id='word_1_420' title='bbox 3353 3482 3452 3558; x_wconf 89' lang='lat' dir='ltr'>qui</span> <span class='ocrx_word' id='word_1_421' title='bbox 3479 3481 3542 3540; x_wconf 88' lang='lat' dir='ltr'>in</span> <span class='ocrx_word' id='word_1_422' title='bbox 3570 3480 3740 3542; x_wconf 89' lang='lat' dir='ltr'>iudea</span> 
     </span>
     <span class='ocr_line' id='line_1_34' title="bbox 782 3568 3482 3651; baseline 0.002 -22"><span class='ocrx_word' id='word_1_423' title='bbox 782 3568 1071 3646; x_wconf 75' lang='lat' dir='ltr'>templum</span> <span class='ocrx_word' id='word_1_424' title='bbox 1099 3576 1156 3627; x_wconf 88' lang='lat' dir='ltr'>et</span> <span class='ocrx_word' id='word_1_425' title='bbox 1182 3568 1299 3628; x_wconf 85' lang='lat' dir='ltr'>alta</span> <span class='ocrx_word' id='word_1_426' title='bbox 1534 3573 1680 3650; x_wconf 89' lang='lat' dir='ltr'>lapis</span> <span class='ocrx_word' id='word_1_427' title='bbox 1708 3589 1882 3650; x_wconf 89' lang='lat' dir='ltr'>super</span> <span class='ocrx_word' id='word_1_428' title='bbox 1911 3573 2027 3651; x_wconf 87' lang='lat' dir='ltr'>lapi</span> <span class='ocrx_word' id='word_1_429' title='bbox 2337 3571 2499 3629; x_wconf 88' lang='lat' dir='ltr'>initia</span> <span class='ocrx_word' id='word_1_430' title='bbox 2527 3581 2661 3630; x_wconf 90' lang='lat' dir='ltr'>sunt</span> <span class='ocrx_word' id='word_1_431' title='bbox 2687 3581 2856 3647; x_wconf 85' lang='lat' dir='ltr'>partu</span> <span class='ocrx_word' id='word_1_432' title='bbox 3093 3585 3228 3638; x_wconf 87' lang='lat' dir='ltr'>sunt</span> <span class='ocrx_word' id='word_1_433' title='bbox 3255 3573 3482 3651; x_wconf 87' lang='lat' dir='ltr'>fug-iant</span> 
     </span>
     <span class='ocr_line' id='line_1_35' title="bbox 782 3661 3511 3745; baseline 0.002 -23"><span class='ocrx_word' id='word_1_434' title='bbox 782 3681 863 3723; x_wconf 88' lang='lat' dir='ltr'>re.</span> <span class='ocrx_word' id='word_1_435' title='bbox 926 3661 970 3696; x_wconf 80' lang='lat'>⁸⁰</span> <span class='ocrx_word' id='word_1_436' title='bbox 989 3662 1185 3722; x_wconf 85' lang='lat' dir='ltr'>Amen</span> <span class='ocrx_word' id='word_1_437' title='bbox 1212 3663 1347 3724; x_wconf 92' lang='lat' dir='ltr'>dico</span> <span class='ocrx_word' id='word_1_438' title='bbox 1535 3667 1673 3727; x_wconf 89' lang='lat' dir='ltr'>dem</span> <span class='ocrx_word' id='word_1_439' title='bbox 1700 3668 1799 3745; x_wconf 93' lang='lat' dir='ltr'>qui</span> <span class='ocrx_word' id='word_1_440' title='bbox 1828 3685 1949 3729; x_wconf 92' lang='lat' dir='ltr'>non</span> <span class='ocrx_word' id='word_1_441' title='bbox 1978 3667 2051 3727; x_wconf 92' lang='lat' dir='ltr'>de</span> <span class='ocrx_word' id='word_1_442' title='bbox 2335 3665 2556 3724; x_wconf 73' lang='lat' dir='ltr'>titionis</span> <span class='ocrx_word' id='word_1_443' title='bbox 2579 3693 2595 3710; x_wconf 92' lang='lat'><strong>·</strong></span> <span class='ocrx_word' id='word_1_444' title='bbox 2651 3665 2675 3699; x_wconf 79' lang='grc'><em>·</em></span> <span class='ocrx_word' id='word_1_445' title='bbox 2705 3664 2877 3725; x_wconf 88' lang='lat' dir='ltr'>Tunc</span> <span class='ocrx_word' id='word_1_446' title='bbox 3089 3667 3150 3726; x_wconf 88' lang='lat' dir='ltr'>in</span> <span class='ocrx_word' id='word_1_447' title='bbox 3179 3669 3474 3728; x_wconf 87' lang='lat' dir='ltr'>montibus</span> <span class='ocrx_word' id='word_1_448' title='bbox 3496 3701 3511 3716; x_wconf 91' lang='lat'><strong>·</strong></span> 
     </span>
     <span class='ocr_line' id='line_1_36' title="bbox 781 3757 3672 3840; baseline 0.003 -25"><span class='ocrx_word' id='word_1_449' title='bbox 781 3757 951 3816; x_wconf 90' lang='lat' dir='ltr'>uobis</span> <span class='ocrx_word' id='word_1_450' title='bbox 978 3757 1117 3834; x_wconf 88' lang='lat' dir='ltr'>quia</span> <span class='ocrx_word' id='word_1_451' title='bbox 1140 3757 1275 3816; x_wconf 89' lang='lat' dir='ltr'>ueni</span> <span class='ocrx_word' id='word_1_452' title='bbox 1534 3769 1780 3820; x_wconf 83' lang='lat' dir='ltr'>struatur</span> <span class='ocrx_word' id='word_1_453' title='bbox 1796 3791 1813 3808; x_wconf 87' lang='lat'><strong>·</strong></span> <span class='ocrx_word' id='word_1_454' title='bbox 2336 3757 2566 3818; x_wconf 88' lang='lat' dir='ltr'>tradent</span> <span class='ocrx_word' id='word_1_455' title='bbox 2593 3776 2704 3819; x_wconf 90' lang='lat' dir='ltr'>uos</span> <span class='ocrx_word' id='word_1_456' title='bbox 2733 3759 2794 3816; x_wconf 88' lang='lat' dir='ltr'>in</span> <span class='ocrx_word' id='word_1_457' title='bbox 2821 3759 2892 3818; x_wconf 86' lang='lat' dir='ltr'>tn&#39;</span> <span class='ocrx_word' id='word_1_458' title='bbox 3093 3760 3140 3795; x_wconf 81' lang='lat'>²⁷</span> <span class='ocrx_word' id='word_1_459' title='bbox 3152 3761 3233 3820; x_wconf 91' lang='lat' dir='ltr'>Et</span> <span class='ocrx_word' id='word_1_460' title='bbox 3260 3765 3358 3840; x_wconf 90' lang='lat' dir='ltr'>qui</span> <span class='ocrx_word' id='word_1_461' title='bbox 3387 3764 3447 3820; x_wconf 88' lang='lat' dir='ltr'>in</span> <span class='ocrx_word' id='word_1_462' title='bbox 3475 3771 3636 3824; x_wconf 90' lang='lat' dir='ltr'>tecto</span> <span class='ocrx_word' id='word_1_463' title='bbox 3657 3795 3672 3812; x_wconf 92' lang='lat'><strong>·</strong></span> 
     </span>
     <span class='ocr_line' id='line_1_37' title="bbox 782 3849 3566 3934; baseline 0.003 -25"><span class='ocrx_word' id='word_1_464' title='bbox 782 3860 884 3909; x_wconf 90' lang='lat' dir='ltr'>ent</span> <span class='ocrx_word' id='word_1_465' title='bbox 912 3849 1020 3909; x_wconf 87' lang='lat' dir='ltr'>hec</span> <span class='ocrx_word' id='word_1_466' title='bbox 1046 3850 1246 3909; x_wconf 87' lang='lat' dir='ltr'>omnia</span> <span class='ocrx_word' id='word_1_467' title='bbox 1272 3865 1342 3909; x_wconf 81' lang='lat' dir='ltr'>su</span> <span class='ocrx_word' id='word_1_468' title='bbox 1534 3854 1555 3887; x_wconf 78' lang='lat'>³</span> <span class='ocrx_word' id='word_1_469' title='bbox 1576 3853 1826 3915; x_wconf 89' lang='lat' dir='ltr'>Sedente</span> <span class='ocrx_word' id='word_1_470' title='bbox 1855 3865 2051 3916; x_wconf 83' lang='lat' dir='ltr'>autem</span> <span class='ocrx_word' id='word_1_471' title='bbox 2076 3855 2209 3934; x_wconf 82' lang='lat' dir='ltr'>ipso</span> <span class='ocrx_word' id='word_1_472' title='bbox 2338 3851 2691 3913; x_wconf 87' lang='lat' dir='ltr'>bulationem</span> <span class='ocrx_word' id='word_1_473' title='bbox 2713 3883 2728 3898; x_wconf 91' lang='lat'><strong>·</strong></span> <span class='ocrx_word' id='word_1_474' title='bbox 2771 3861 2832 3912; x_wconf 88' lang='lat' dir='ltr'>et</span> <span class='ocrx_word' id='word_1_475' title='bbox 3091 3872 3218 3914; x_wconf 89' lang='lat' dir='ltr'>non</span> <span class='ocrx_word' id='word_1_476' title='bbox 3246 3855 3566 3917; x_wconf 84' lang='lat' dir='ltr'>descendat</span> 
     </span>
     <span class='ocr_line' id='line_1_38' title="bbox 782 3942 3536 4028; baseline 0.003 -27"><span class='ocrx_word' id='word_1_477' title='bbox 782 3960 887 4021; x_wconf 89' lang='lat' dir='ltr'>per</span> <span class='ocrx_word' id='word_1_478' title='bbox 917 3942 1288 4021; x_wconf 69' lang='lat' dir='ltr'>generatione</span> <span class='ocrx_word' id='word_1_479' title='bbox 1532 3965 1703 4024; x_wconf 88' lang='lat' dir='ltr'>super</span> <span class='ocrx_word' id='word_1_480' title='bbox 1732 3959 1991 4009; x_wconf 85' lang='lat' dir='ltr'>montem</span> <span class='ocrx_word' id='word_1_481' title='bbox 2337 3947 2602 4006; x_wconf 86' lang='lat' dir='ltr'>occident</span> <span class='ocrx_word' id='word_1_482' title='bbox 2627 3963 2738 4006; x_wconf 89' lang='lat' dir='ltr'>uos</span> <span class='ocrx_word' id='word_1_483' title='bbox 2764 3956 2824 4006; x_wconf 90' lang='lat' dir='ltr'>et</span> <span class='ocrx_word' id='word_1_484' title='bbox 2847 3965 2884 4006; x_wconf 85' lang='lat' dir='ltr'>e</span> <span class='ocrx_word' id='word_1_485' title='bbox 3087 3949 3289 4009; x_wconf 89' lang='lat' dir='ltr'>tollere</span> <span class='ocrx_word' id='word_1_486' title='bbox 3319 3949 3536 4028; x_wconf 87' lang='lat' dir='ltr'>aliquid</span> 
     </span>
     <span class='ocr_line' id='line_1_39' title="bbox 782 4035 3609 4106; baseline 0.004 -12"><span class='ocrx_word' id='word_1_487' title='bbox 782 4037 955 4096; x_wconf 87' lang='lat' dir='ltr'>istam</span> <span class='ocrx_word' id='word_1_488' title='bbox 974 4067 989 4082; x_wconf 93' lang='lat'><strong>·</strong></span> <span class='ocrx_word' id='word_1_489' title='bbox 1011 4066 1027 4083; x_wconf 89' lang='lat'><strong>·</strong></span> <span class='ocrx_word' id='word_1_490' title='bbox 1048 4067 1062 4083; x_wconf 89' lang='lat'><strong>·</strong></span> <span class='ocrx_word' id='word_1_491' title='bbox 1105 4036 1150 4070; x_wconf 81' lang='lat'>⁸⁷</span> <span class='ocrx_word' id='word_1_492' title='bbox 1170 4035 1421 4098; x_wconf 87' lang='lat' dir='ltr'>Hierusa</span> <span class='ocrx_word' id='word_1_493' title='bbox 1530 4042 1721 4102; x_wconf 88' lang='lat' dir='ltr'>oliueti</span> <span class='ocrx_word' id='word_1_494' title='bbox 1746 4073 1759 4088; x_wconf 93' lang='lat'><strong>·</strong></span> <span class='ocrx_word' id='word_1_495' title='bbox 1802 4042 2057 4102; x_wconf 81' lang='lat' dir='ltr'>Accesse</span> <span class='ocrx_word' id='word_1_496' title='bbox 2337 4041 2456 4101; x_wconf 84' lang='lat' dir='ltr'>ritis</span> <span class='ocrx_word' id='word_1_497' title='bbox 2482 4041 2622 4100; x_wconf 92' lang='lat' dir='ltr'>odio</span> <span class='ocrx_word' id='word_1_498' title='bbox 2649 4041 2923 4101; x_wconf 84' lang='lat' dir='ltr'>omnibus</span> <span class='ocrx_word' id='word_1_499' title='bbox 3089 4042 3162 4102; x_wconf 89' lang='lat' dir='ltr'>de</span> <span class='ocrx_word' id='word_1_500' title='bbox 3187 4042 3367 4104; x_wconf 89' lang='lat' dir='ltr'>domo</span> <span class='ocrx_word' id='word_1_501' title='bbox 3389 4075 3404 4090; x_wconf 93' lang='lat'><strong>·</strong></span> <span class='ocrx_word' id='word_1_502' title='bbox 3465 4043 3511 4078; x_wconf 84' lang='lat'>¹⁸</span> <span class='ocrx_word' id='word_1_503' title='bbox 3531 4044 3609 4106; x_wconf 92' lang='lat' dir='ltr'>Et</span> 
     </span>
     <span class='ocr_line' id='line_1_40' title="bbox 783 4128 3600 4216; baseline 0.003 -26"><span class='ocrx_word' id='word_1_504' title='bbox 783 4129 899 4190; x_wconf 87' lang='lat' dir='ltr'>lem</span> <span class='ocrx_word' id='word_1_505' title='bbox 927 4128 1269 4188; x_wconf 86' lang='lat' dir='ltr'>hierusalem</span> <span class='ocrx_word' id='word_1_506' title='bbox 1530 4146 1665 4196; x_wconf 89' lang='lat' dir='ltr'>runt</span> <span class='ocrx_word' id='word_1_507' title='bbox 1691 4135 1767 4194; x_wconf 89' lang='lat' dir='ltr'>ad</span> <span class='ocrx_word' id='word_1_508' title='bbox 1794 4153 1929 4194; x_wconf 88' lang='lat' dir='ltr'>eum</span> <span class='ocrx_word' id='word_1_509' title='bbox 1958 4135 2103 4196; x_wconf 89' lang='lat' dir='ltr'>disci</span> <span class='ocrx_word' id='word_1_510' title='bbox 2334 4135 2598 4211; x_wconf 87' lang='lat' dir='ltr'>gentibus</span> <span class='ocrx_word' id='word_1_511' title='bbox 2625 4145 2858 4212; x_wconf 88' lang='lat' dir='ltr'>propter</span> <span class='ocrx_word' id='word_1_512' title='bbox 3087 4136 3188 4214; x_wconf 90' lang='lat' dir='ltr'>qui</span> <span class='ocrx_word' id='word_1_513' title='bbox 3216 4139 3277 4196; x_wconf 92' lang='lat' dir='ltr'>in</span> <span class='ocrx_word' id='word_1_514' title='bbox 3305 4155 3450 4216; x_wconf 87' lang='lat' dir='ltr'>agro</span> <span class='ocrx_word' id='word_1_515' title='bbox 3479 4157 3600 4200; x_wconf 91' lang='lat' dir='ltr'>non</span> 
     </span>
     <span class='ocr_line' id='line_1_41' title="bbox 779 4221 3489 4307; baseline 0.003 -23"><span class='ocrx_word' id='word_1_516' title='bbox 779 4239 930 4302; x_wconf 84' lang='lat' dir='ltr'>quae</span> <span class='ocrx_word' id='word_1_517' title='bbox 956 4221 1177 4283; x_wconf 88' lang='lat' dir='ltr'>occidis</span> <span class='ocrx_word' id='word_1_518' title='bbox 1204 4223 1365 4301; x_wconf 81' lang='lat' dir='ltr'>profe</span> <span class='ocrx_word' id='word_1_519' title='bbox 1530 4230 1650 4307; x_wconf 88' lang='lat' dir='ltr'>puli</span> <span class='ocrx_word' id='word_1_520' title='bbox 1680 4239 1901 4290; x_wconf 88' lang='lat' dir='ltr'>secreto</span> <span class='ocrx_word' id='word_1_521' title='bbox 1933 4229 2102 4290; x_wconf 90' lang='lat' dir='ltr'>dicen</span> <span class='ocrx_word' id='word_1_522' title='bbox 2333 4245 2553 4288; x_wconf 88' lang='lat' dir='ltr'>nomen</span> <span class='ocrx_word' id='word_1_523' title='bbox 2579 4247 2776 4289; x_wconf 89' lang='lat' dir='ltr'>meum</span> <span class='ocrx_word' id='word_1_524' title='bbox 3086 4241 3398 4291; x_wconf 85' lang='lat' dir='ltr'>reuertatur</span> <span class='ocrx_word' id='word_1_525' title='bbox 3426 4251 3489 4292; x_wconf 87' lang='lat' dir='ltr'>re</span> 
     </span>
    </p>

    <p class='ocr_par' dir='ltr' id='par_1_3' title="bbox 1228 4329 3432 4378">
     <span class='ocr_line' id='line_1_42' title="bbox 1228 4329 3432 4378; baseline 0.002 -1"><span class='ocrx_word' id='word_1_526' title='bbox 1228 4329 1319 4378; x_wconf 81' lang='lat' dir='ltr'>tas</span> <span class='ocrx_word' id='word_1_527' title='bbox 3425 4329 3432 4334; x_wconf 83' lang='grc'>’</span> 
     </span>
    </p>
   </div>
  </div>
 </body>
</html>
