<?xml version="1.0" encoding="UTF-8"?>
<!DOCTYPE html PUBLIC "-//W3C//DTD XHTML 1.0 Transitional//EN"
    "http://www.w3.org/TR/xhtml1/DTD/xhtml1-transitional.dtd">
<html xmlns="http://www.w3.org/1999/xhtml" xml:lang="en" lang="en">
 <head>
  <title>
</title>
<meta http-equiv="Content-Type" content="text/html;charset=utf-8" />
  <meta name='ocr-system' content='tesseract 3.04.00' />
  <meta name='ocr-capabilities' content='ocr_page ocr_carea ocr_par ocr_line ocrx_word'/>
</head>
<body>
  <div class='ocr_page' id='page_1' title='image "./fourgospelsfrom00wordgoog_0087.png"; bbox 0 0 4373 5048; ppageno 0'>
   <div class='ocr_carea' id='block_1_1' title="bbox 573 366 1129 436">
    <p class='ocr_par' dir='ltr' id='par_1_1' title="bbox 573 366 1129 436">
     <span class='ocr_line' id='line_1_1' title="bbox 573 366 1129 436; baseline 0.002 -19"><span class='ocrx_word' id='word_1_1' title='bbox 573 368 765 418; x_wconf 84' lang='lat' dir='ltr'><strong>xvm.</strong></span> <span class='ocrx_word' id='word_1_2' title='bbox 788 370 1032 435; x_wconf 78' lang='lat' dir='ltr'>19-x1X.</span> <span class='ocrx_word' id='word_1_3' title='bbox 1054 366 1129 436; x_wconf 87' lang='lat'><strong>9.]</strong></span> 
     </span>
    </p>
   </div>
   <div class='ocr_carea' id='block_1_2' title="bbox 298 526 1129 590">
    <p class='ocr_par' dir='ltr' id='par_1_2' title="bbox 298 526 1129 590">
     <span class='ocr_line' id='line_1_2' title="bbox 298 526 1129 590; baseline 0.002 -5"><span class='ocrx_word' id='word_1_4' title='bbox 298 526 420 590; x_wconf 49' lang='lat'><strong>501.</strong></span> <span class='ocrx_word' id='word_1_5' title='bbox 429 538 531 588; x_wconf 68' lang='grc'><strong>48.</strong></span> <span class='ocrx_word' id='word_1_6' title='bbox 575 529 770 589; x_wconf 91' lang='lat' dir='ltr'><strong>Amen</strong></span> <span class='ocrx_word' id='word_1_7' title='bbox 796 528 932 589; x_wconf 90' lang='lat' dir='ltr'><strong>dico</strong></span> <span class='ocrx_word' id='word_1_8' title='bbox 957 528 1129 588; x_wconf 88' lang='lat' dir='ltr'><strong>uobis</strong></span> 
     </span>
    </p>
   </div>
   <div class='ocr_carea' id='block_1_3' title="bbox 566 624 1181 1263">
    <p class='ocr_par' dir='ltr' id='par_1_3' title="bbox 569 624 1157 779">
     <span class='ocr_line' id='line_1_3' title="bbox 573 624 1157 701; baseline -0.003 -18"><span class='ocrx_word' id='word_1_9' title='bbox 573 624 710 701; x_wconf 89' lang='lat' dir='ltr'><strong>quia</strong></span> <span class='ocrx_word' id='word_1_10' title='bbox 738 625 785 683; x_wconf 91' lang='lat' dir='ltr'><strong>si</strong></span> <span class='ocrx_word' id='word_1_11' title='bbox 815 624 933 683; x_wconf 91' lang='lat' dir='ltr'><strong>duo</strong></span> <span class='ocrx_word' id='word_1_12' title='bbox 960 628 1157 681; x_wconf 74' lang='lat' dir='ltr'><strong>uestn&#39;i</strong></span> 
     </span>
     <span class='ocr_line' id='line_1_4' title="bbox 569 718 1045 779; baseline -0.002 -1"><span class='ocrx_word' id='word_1_13' title='bbox 569 718 948 779; x_wconf 88' lang='lat' dir='ltr'><strong>conuenerint</strong></span> <span class='ocrx_word' id='word_1_14' title='bbox 974 735 1045 777; x_wconf 87' lang='lat' dir='ltr'><strong>su</strong></span> 
     </span>
    </p>

    <p class='ocr_par' dir='ltr' id='par_1_4' title="bbox 566 811 1107 1077">
     <span class='ocr_line' id='line_1_5' title="bbox 566 811 1051 889; baseline 0 -18"><span class='ocrx_word' id='word_1_15' title='bbox 566 830 671 889; x_wconf 91' lang='lat' dir='ltr'><strong>per</strong></span> <span class='ocrx_word' id='word_1_16' title='bbox 697 822 908 871; x_wconf 83' lang='lat' dir='ltr'><strong>terram</strong></span> <span class='ocrx_word' id='word_1_17' title='bbox 976 811 1051 871; x_wconf 94' lang='lat' dir='ltr'><strong>de</strong></span> 
     </span>
     <span class='ocr_line' id='line_1_6' title="bbox 568 906 1107 983; baseline 0 -18"><span class='ocrx_word' id='word_1_18' title='bbox 568 906 730 965; x_wconf 89' lang='lat' dir='ltr'><strong>omni</strong></span> <span class='ocrx_word' id='word_1_19' title='bbox 762 924 827 965; x_wconf 89' lang='lat' dir='ltr'><strong>re</strong></span> <span class='ocrx_word' id='word_1_20' title='bbox 853 922 1107 983; x_wconf 90' lang='lat' dir='ltr'><strong>quecum</strong></span> 
     </span>
     <span class='ocr_line' id='line_1_7' title="bbox 569 999 1079 1077; baseline 0.002 -20"><span class='ocrx_word' id='word_1_21' title='bbox 569 1016 683 1077; x_wconf 91' lang='lat' dir='ltr'><strong>que</strong></span> <span class='ocrx_word' id='word_1_22' title='bbox 711 1000 961 1077; x_wconf 89' lang='lat' dir='ltr'><strong>pitierint</strong></span> <span class='ocrx_word' id='word_1_23' title='bbox 979 1030 993 1047; x_wconf 93' lang='lat'><strong>·</strong></span> <span class='ocrx_word' id='word_1_24' title='bbox 1038 999 1079 1058; x_wconf 88' lang='lat' dir='ltr'>fi</span> 
     </span>
    </p>

    <p class='ocr_par' dir='ltr' id='par_1_5' title="bbox 568 1092 1181 1263">
     <span class='ocr_line' id='line_1_8' title="bbox 568 1092 1181 1171; baseline 0.003 -19"><span class='ocrx_word' id='word_1_25' title='bbox 568 1102 628 1152; x_wconf 91' lang='lat' dir='ltr'><strong>et</strong></span> <span class='ocrx_word' id='word_1_26' title='bbox 652 1092 761 1153; x_wconf 90' lang='lat' dir='ltr'><strong>illis</strong></span> <span class='ocrx_word' id='word_1_27' title='bbox 788 1112 825 1153; x_wconf 93' lang='lat' dir='ltr'><strong>a</strong></span> <span class='ocrx_word' id='word_1_28' title='bbox 852 1104 1015 1171; x_wconf 91' lang='lat' dir='ltr'><strong>patre</strong></span> <span class='ocrx_word' id='word_1_29' title='bbox 1042 1110 1181 1155; x_wconf 90' lang='lat' dir='ltr'><strong>meo</strong></span> 
     </span>
     <span class='ocr_line' id='line_1_9' title="bbox 569 1187 1111 1263; baseline 0.004 -18"><span class='ocrx_word' id='word_1_30' title='bbox 569 1187 667 1263; x_wconf 90' lang='lat' dir='ltr'><strong>qui</strong></span> <span class='ocrx_word' id='word_1_31' title='bbox 696 1188 758 1245; x_wconf 90' lang='lat' dir='ltr'><strong>in</strong></span> <span class='ocrx_word' id='word_1_32' title='bbox 786 1187 961 1247; x_wconf 83' lang='lat' dir='ltr'><strong>caelis</strong></span> <span class='ocrx_word' id='word_1_33' title='bbox 990 1196 1077 1247; x_wconf 88' lang='lat' dir='ltr'><strong>est</strong></span> <span class='ocrx_word' id='word_1_34' title='bbox 1096 1217 1111 1233; x_wconf 93' lang='lat'><strong>·</strong></span> 
     </span>
    </p>
   </div>
   <div class='ocr_carea' id='block_1_4' title="bbox 566 1277 1241 1341">
    <p class='ocr_par' dir='ltr' id='par_1_6' title="bbox 566 1277 1241 1341">
     <span class='ocr_line' id='line_1_10' title="bbox 566 1277 1241 1341; baseline 0.003 -2"><span class='ocrx_word' id='word_1_35' title='bbox 566 1277 613 1313; x_wconf 79' lang='lat'><strong>&#39;⁰</strong></span> <span class='ocrx_word' id='word_1_36' title='bbox 628 1278 750 1340; x_wconf 88' lang='lat' dir='ltr'><strong>Ubi</strong></span> <span class='ocrx_word' id='word_1_37' title='bbox 774 1281 932 1340; x_wconf 90' lang='lat' dir='ltr'><strong>enim</strong></span> <span class='ocrx_word' id='word_1_38' title='bbox 960 1292 1096 1341; x_wconf 87' lang='lat' dir='ltr'><strong>sunt</strong></span> <span class='ocrx_word' id='word_1_39' title='bbox 1122 1278 1241 1341; x_wconf 86' lang='lat' dir='ltr'><strong>duo</strong></span> 
     </span>
    </p>
   </div>
   <div class='ocr_carea' id='block_1_5' title="bbox 559 1374 1117 2391">
    <p class='ocr_par' dir='ltr' id='par_1_7' title="bbox 564 1374 1117 1716">
     <span class='ocr_line' id='line_1_11' title="bbox 564 1374 1049 1451; baseline 0 -18"><span class='ocrx_word' id='word_1_40' title='bbox 564 1374 659 1433; x_wconf 91' lang='lat' dir='ltr'><strong>uel</strong></span> <span class='ocrx_word' id='word_1_41' title='bbox 687 1384 802 1434; x_wconf 89' lang='lat' dir='ltr'><strong>tres</strong></span> <span class='ocrx_word' id='word_1_42' title='bbox 828 1389 1049 1451; x_wconf 82' lang='lat' dir='ltr'>congre</span> 
     </span>
     <span class='ocr_line' id='line_1_12' title="bbox 565 1468 1035 1545; baseline 0 -18"><span class='ocrx_word' id='word_1_43' title='bbox 565 1468 686 1545; x_wconf 85' lang='lat' dir='ltr'><strong>gati</strong></span> <span class='ocrx_word' id='word_1_44' title='bbox 711 1468 771 1526; x_wconf 90' lang='lat' dir='ltr'><strong>in</strong></span> <span class='ocrx_word' id='word_1_45' title='bbox 796 1469 1035 1528; x_wconf 88' lang='lat' dir='ltr'><strong>nomine</strong></span> 
     </span>
     <span class='ocr_line' id='line_1_13' title="bbox 566 1562 1117 1621; baseline 0.002 -1"><span class='ocrx_word' id='word_1_46' title='bbox 566 1579 703 1621; x_wconf 89' lang='lat' dir='ltr'><strong>meo</strong></span> <span class='ocrx_word' id='word_1_47' title='bbox 784 1562 863 1621; x_wconf 90' lang='lat' dir='ltr'><strong>ibi</strong></span> <span class='ocrx_word' id='word_1_48' title='bbox 894 1580 1027 1621; x_wconf 89' lang='lat' dir='ltr'><strong>sum</strong></span> <span class='ocrx_word' id='word_1_49' title='bbox 1054 1562 1117 1621; x_wconf 87' lang='lat' dir='ltr'><strong>in</strong></span> 
     </span>
     <span class='ocr_line' id='line_1_14' title="bbox 567 1653 1028 1716; baseline 0.004 -3"><span class='ocrx_word' id='word_1_50' title='bbox 567 1653 761 1716; x_wconf 89' lang='lat' dir='ltr'><strong>medio</strong></span> <span class='ocrx_word' id='word_1_51' title='bbox 790 1674 992 1716; x_wconf 89' lang='lat' dir='ltr'><strong>eorum</strong></span> <span class='ocrx_word' id='word_1_52' title='bbox 1012 1687 1028 1704; x_wconf 92' lang='lat'><strong>·</strong></span> 
     </span>
    </p>

    <p class='ocr_par' dir='ltr' id='par_1_8' title="bbox 559 1747 1117 2391">
     <span class='ocr_line' id='line_1_15' title="bbox 564 1747 1117 1811; baseline 0.002 -2"><span class='ocrx_word' id='word_1_53' title='bbox 564 1747 609 1782; x_wconf 83' lang='lat'><strong>¹²</strong></span> <span class='ocrx_word' id='word_1_54' title='bbox 628 1750 801 1809; x_wconf 87' lang='lat' dir='ltr'><strong>Tunc</strong></span> <span class='ocrx_word' id='word_1_55' title='bbox 828 1750 1117 1811; x_wconf 84' lang='lat' dir='ltr'><strong>accedens</strong></span> 
     </span>
     <span class='ocr_line' id='line_1_16' title="bbox 565 1843 1030 1921; baseline 0.002 -18"><span class='ocrx_word' id='word_1_56' title='bbox 565 1843 643 1903; x_wconf 90' lang='lat' dir='ltr'><strong>ad</strong></span> <span class='ocrx_word' id='word_1_57' title='bbox 668 1862 805 1903; x_wconf 89' lang='lat' dir='ltr'><strong>eum</strong></span> <span class='ocrx_word' id='word_1_58' title='bbox 834 1856 1030 1921; x_wconf 87' lang='lat' dir='ltr'><strong>petrus</strong></span> 
     </span>
     <span class='ocr_line' id='line_1_17' title="bbox 565 1936 1049 2014; baseline 0 -17"><span class='ocrx_word' id='word_1_59' title='bbox 565 1938 742 1998; x_wconf 83' lang='lat' dir='ltr'><strong>dixit·</strong></span> <span class='ocrx_word' id='word_1_60' title='bbox 785 1936 899 1997; x_wconf 76' lang='lat' dir='ltr'><strong>dr‘ie</strong></span> <span class='ocrx_word' id='word_1_61' title='bbox 928 1956 1049 2014; x_wconf 87' lang='lat' dir='ltr'><strong>quo</strong></span> 
     </span>
     <span class='ocr_line' id='line_1_18' title="bbox 561 2032 1105 2109; baseline -0.002 -18"><span class='ocrx_word' id='word_1_62' title='bbox 561 2032 713 2091; x_wconf 87' lang='lat' dir='ltr'><strong>tiens</strong></span> <span class='ocrx_word' id='word_1_63' title='bbox 744 2032 1011 2109; x_wconf 88' lang='lat' dir='ltr'><strong>peccauit</strong></span> <span class='ocrx_word' id='word_1_64' title='bbox 1043 2032 1105 2090; x_wconf 84' lang='lat' dir='ltr'><strong>in</strong></span> 
     </span>
     <span class='ocr_line' id='line_1_19' title="bbox 560 2125 1049 2185; baseline 0.002 -2"><span class='ocrx_word' id='word_1_65' title='bbox 560 2142 659 2184; x_wconf 89' lang='lat' dir='ltr'><strong>me</strong></span> <span class='ocrx_word' id='word_1_66' title='bbox 686 2125 857 2185; x_wconf 81' lang='lat' dir='ltr'><strong>frater</strong></span> <span class='ocrx_word' id='word_1_67' title='bbox 880 2142 1049 2185; x_wconf 88' lang='lat' dir='ltr'><strong>meus</strong></span> 
     </span>
     <span class='ocr_line' id='line_1_20' title="bbox 561 2220 1049 2279; baseline -0.002 0"><span class='ocrx_word' id='word_1_68' title='bbox 561 2228 622 2279; x_wconf 92' lang='lat' dir='ltr'><strong>et</strong></span> <span class='ocrx_word' id='word_1_69' title='bbox 645 2221 932 2279; x_wconf 84' lang='lat' dir='ltr'><strong>remittam</strong></span> <span class='ocrx_word' id='word_1_70' title='bbox 961 2220 1016 2279; x_wconf 91' lang='lat' dir='ltr'><strong>ei</strong></span> <span class='ocrx_word' id='word_1_71' title='bbox 1034 2250 1049 2266; x_wconf 93' lang='lat'><strong>·</strong></span> 
     </span>
     <span class='ocr_line' id='line_1_21' title="bbox 559 2314 1063 2391; baseline 0.004 -20"><span class='ocrx_word' id='word_1_72' title='bbox 559 2331 746 2391; x_wconf 90' lang='lat' dir='ltr'><strong>usque</strong></span> <span class='ocrx_word' id='word_1_73' title='bbox 772 2314 1027 2391; x_wconf 82' lang='lat' dir='ltr'><strong>septiens</strong></span> <span class='ocrx_word' id='word_1_74' title='bbox 1046 2344 1063 2360; x_wconf 90' lang='lat'><strong>·</strong></span> 
     </span>
    </p>
   </div>
   <div class='ocr_carea' id='block_1_6' title="bbox 559 2442 1262 2506">
    <p class='ocr_par' dir='ltr' id='par_1_9' title="bbox 559 2442 1262 2506">
     <span class='ocr_line' id='line_1_22' title="bbox 559 2442 1262 2506; baseline 0.003 -3"><span class='ocrx_word' id='word_1_75' title='bbox 559 2442 831 2505; x_wconf 73' lang='lat' dir='ltr'><strong>”Dicitei</strong></span> <span class='ocrx_word' id='word_1_76' title='bbox 849 2444 937 2504; x_wconf 78' lang='lat' dir='ltr'><strong>ihs</strong></span> <span class='ocrx_word' id='word_1_77' title='bbox 950 2475 964 2492; x_wconf 64' lang='grc' dir='ltr'><strong><em>ο</em></strong></span> <span class='ocrx_word' id='word_1_78' title='bbox 988 2463 1110 2505; x_wconf 87' lang='lat' dir='ltr'><strong>non</strong></span> <span class='ocrx_word' id='word_1_79' title='bbox 1128 2443 1262 2506; x_wconf 84' lang='lat' dir='ltr'><strong>dico</strong></span> 
     </span>
    </p>
   </div>
   <div class='ocr_carea' id='block_1_7' title="bbox 555 2539 1217 3910">
    <p class='ocr_par' dir='ltr' id='par_1_10' title="bbox 560 2539 1114 2804">
     <span class='ocr_line' id='line_1_23' title="bbox 560 2539 1099 2617; baseline 0 -19"><span class='ocrx_word' id='word_1_80' title='bbox 560 2539 666 2598; x_wconf 89' lang='lat' dir='ltr'><strong>tibi</strong></span> <span class='ocrx_word' id='word_1_81' title='bbox 691 2556 915 2616; x_wconf 87' lang='lat' dir='ltr'><strong>usquae</strong></span> <span class='ocrx_word' id='word_1_82' title='bbox 950 2539 1099 2617; x_wconf 87' lang='lat' dir='ltr'><strong>septi</strong></span> 
     </span>
     <span class='ocr_line' id='line_1_24' title="bbox 560 2629 1114 2709; baseline 0 -18"><span class='ocrx_word' id='word_1_83' title='bbox 560 2649 669 2691; x_wconf 88' lang='lat' dir='ltr'><strong>ens</strong></span> <span class='ocrx_word' id='word_1_84' title='bbox 688 2661 703 2678; x_wconf 88' lang='lat'><strong>·</strong></span> <span class='ocrx_word' id='word_1_85' title='bbox 750 2629 867 2691; x_wconf 90' lang='lat' dir='ltr'><strong>Sed</strong></span> <span class='ocrx_word' id='word_1_86' title='bbox 893 2650 1114 2709; x_wconf 90' lang='lat' dir='ltr'><strong>usquae</strong></span> 
     </span>
     <span class='ocr_line' id='line_1_25' title="bbox 562 2726 1071 2804; baseline 0 -20"><span class='ocrx_word' id='word_1_87' title='bbox 562 2726 893 2803; x_wconf 87' lang='lat' dir='ltr'><strong>septuagies</strong></span> <span class='ocrx_word' id='word_1_88' title='bbox 922 2727 1071 2804; x_wconf 86' lang='lat' dir='ltr'><strong>septi</strong></span> 
     </span>
    </p>

    <p class='ocr_par' dir='ltr' id='par_1_11' title="bbox 560 2817 1217 2990">
     <span class='ocr_line' id='line_1_26' title="bbox 562 2817 1217 2888; baseline -0.003 -8"><span class='ocrx_word' id='word_1_89' title='bbox 562 2821 601 2888; x_wconf 90' lang='lat'>†</span> <span class='ocrx_word' id='word_1_90' title='bbox 618 2837 683 2880; x_wconf 87' lang='lat' dir='ltr'><strong>es</strong></span> <span class='ocrx_word' id='word_1_91' title='bbox 705 2850 721 2868; x_wconf 92' lang='lat'><strong>·</strong></span> <span class='ocrx_word' id='word_1_92' title='bbox 784 2817 828 2853; x_wconf 77' lang='lat'><strong>¹⁸</strong></span> <span class='ocrx_word' id='word_1_93' title='bbox 845 2818 989 2880; x_wconf 91' lang='lat' dir='ltr'><strong>Ideo</strong></span> <span class='ocrx_word' id='word_1_94' title='bbox 1018 2817 1217 2878; x_wconf 90' lang='lat' dir='ltr'><strong>similis</strong></span> 
     </span>
     <span class='ocr_line' id='line_1_27' title="bbox 560 2912 1039 2990; baseline -0.002 -18"><span class='ocrx_word' id='word_1_95' title='bbox 560 2921 649 2973; x_wconf 88' lang='lat' dir='ltr'><strong>est</strong></span> <span class='ocrx_word' id='word_1_96' title='bbox 675 2912 905 2972; x_wconf 86' lang='lat' dir='ltr'><strong>habitus</strong></span> <span class='ocrx_word' id='word_1_97' title='bbox 934 2931 1039 2990; x_wconf 87' lang='lat' dir='ltr'><strong>reg</strong></span> 
     </span>
    </p>

    <p class='ocr_par' dir='ltr' id='par_1_12' title="bbox 555 3006 1197 3910">
     <span class='ocr_line' id='line_1_28' title="bbox 560 3006 1052 3068; baseline 0.002 -2"><span class='ocrx_word' id='word_1_98' title='bbox 560 3007 622 3066; x_wconf 87' lang='lat' dir='ltr'><strong>ni</strong></span> <span class='ocrx_word' id='word_1_99' title='bbox 649 3006 947 3067; x_wconf 90' lang='lat' dir='ltr'><strong>caelorum</strong></span> <span class='ocrx_word' id='word_1_100' title='bbox 973 3006 1052 3068; x_wconf 89' lang='lat' dir='ltr'><strong>ho</strong></span> 
     </span>
     <span class='ocr_line' id='line_1_29' title="bbox 558 3101 1137 3178; baseline 0 -18"><span class='ocrx_word' id='word_1_101' title='bbox 558 3101 706 3160; x_wconf 90' lang='lat' dir='ltr'><strong>mini</strong></span> <span class='ocrx_word' id='word_1_102' title='bbox 732 3101 855 3178; x_wconf 87' lang='lat' dir='ltr'><strong>regi</strong></span> <span class='ocrx_word' id='word_1_103' title='bbox 873 3133 889 3147; x_wconf 92' lang='lat'><strong>·</strong></span> <span class='ocrx_word' id='word_1_104' title='bbox 931 3101 1031 3178; x_wconf 88' lang='lat' dir='ltr'><strong>qui</strong></span> <span class='ocrx_word' id='word_1_105' title='bbox 1056 3117 1137 3160; x_wconf 88' lang='lat' dir='ltr'><strong>uo</strong></span> 
     </span>
     <span class='ocr_line' id='line_1_30' title="bbox 555 3194 1081 3272; baseline -0.002 -19"><span class='ocrx_word' id='word_1_106' title='bbox 555 3194 662 3254; x_wconf 87' lang='lat' dir='ltr'><strong>luit</strong></span> <span class='ocrx_word' id='word_1_107' title='bbox 686 3196 971 3254; x_wconf 86' lang='lat' dir='ltr'><strong>rationem</strong></span> <span class='ocrx_word' id='word_1_108' title='bbox 999 3212 1081 3272; x_wconf 90' lang='lat' dir='ltr'><strong>po</strong></span> 
     </span>
     <span class='ocr_line' id='line_1_31' title="bbox 556 3289 1069 3348; baseline 0 0"><span class='ocrx_word' id='word_1_109' title='bbox 556 3304 696 3348; x_wconf 87' lang='lat' dir='ltr'><strong>nere</strong></span> <span class='ocrx_word' id='word_1_110' title='bbox 724 3306 859 3348; x_wconf 89' lang='lat' dir='ltr'><strong>cum</strong></span> <span class='ocrx_word' id='word_1_111' title='bbox 887 3289 1069 3348; x_wconf 88' lang='lat' dir='ltr'><strong>seruis</strong></span> 
     </span>
     <span class='ocr_line' id='line_1_32' title="bbox 558 3379 1197 3443; baseline 0 -1"><span class='ocrx_word' id='word_1_112' title='bbox 558 3382 677 3442; x_wconf 85' lang='lat' dir='ltr'><strong>suis</strong></span> <span class='ocrx_word' id='word_1_113' title='bbox 700 3413 715 3428; x_wconf 93' lang='lat'><strong>·</strong></span> <span class='ocrx_word' id='word_1_114' title='bbox 778 3379 821 3414; x_wconf 76' lang='lat'><strong>&#39;⁴</strong></span> <span class='ocrx_word' id='word_1_115' title='bbox 839 3391 897 3442; x_wconf 89' lang='lat' dir='ltr'><strong>et</strong></span> <span class='ocrx_word' id='word_1_116' title='bbox 923 3400 1062 3443; x_wconf 90' lang='lat' dir='ltr'><strong>cum</strong></span> <span class='ocrx_word' id='word_1_117' title='bbox 1089 3399 1197 3443; x_wconf 87' lang='lat' dir='ltr'><strong>coe</strong></span> 
     </span>
     <span class='ocr_line' id='line_1_33' title="bbox 557 3475 1047 3553; baseline 0 -19"><span class='ocrx_word' id='word_1_118' title='bbox 557 3475 739 3553; x_wconf 81' lang='lat' dir='ltr'><strong>pisset</strong></span> <span class='ocrx_word' id='word_1_119' title='bbox 764 3476 1047 3536; x_wconf 86' lang='lat' dir='ltr'><strong>rationem</strong></span> 
     </span>
     <span class='ocr_line' id='line_1_34' title="bbox 556 3569 1097 3647; baseline 0.007 -21"><span class='ocrx_word' id='word_1_120' title='bbox 556 3586 776 3647; x_wconf 88' lang='lat' dir='ltr'><strong>ponere</strong></span> <span class='ocrx_word' id='word_1_121' title='bbox 864 3569 1097 3630; x_wconf 88' lang='lat' dir='ltr'><strong>oblatus</strong></span> 
     </span>
     <span class='ocr_line' id='line_1_35' title="bbox 557 3663 1077 3742; baseline -0.002 -19"><span class='ocrx_word' id='word_1_122' title='bbox 557 3671 646 3723; x_wconf 90' lang='lat' dir='ltr'><strong>est</strong></span> <span class='ocrx_word' id='word_1_123' title='bbox 672 3663 728 3722; x_wconf 90' lang='lat' dir='ltr'><strong>ei</strong></span> <span class='ocrx_word' id='word_1_124' title='bbox 752 3681 905 3722; x_wconf 88' lang='lat' dir='ltr'><strong>unus</strong></span> <span class='ocrx_word' id='word_1_125' title='bbox 975 3666 1077 3742; x_wconf 88' lang='lat' dir='ltr'><strong>qui</strong></span> 
     </span>
     <span class='ocr_line' id='line_1_36' title="bbox 557 3754 1059 3816; baseline -0.002 0"><span class='ocrx_word' id='word_1_126' title='bbox 557 3755 807 3816; x_wconf 89' lang='lat' dir='ltr'><strong>debebat</strong></span> <span class='ocrx_word' id='word_1_127' title='bbox 833 3757 888 3816; x_wconf 92' lang='lat' dir='ltr'><strong>ei</strong></span> <span class='ocrx_word' id='word_1_128' title='bbox 915 3754 1059 3816; x_wconf 90' lang='lat' dir='ltr'><strong>dece</strong></span> 
     </span>
     <span class='ocr_line' id='line_1_37' title="bbox 557 3849 1095 3910; baseline 0 -2"><span class='ocrx_word' id='word_1_129' title='bbox 557 3849 715 3908; x_wconf 88' lang='lat' dir='ltr'><strong>milia</strong></span> <span class='ocrx_word' id='word_1_130' title='bbox 741 3850 1095 3910; x_wconf 69' lang='lat' dir='ltr'><strong>talentoru-·</strong></span> 
     </span>
    </p>
   </div>
   <div class='ocr_carea' id='block_1_8' title="bbox 484 3940 1152 4004">
    <p class='ocr_par' dir='ltr' id='par_1_13' title="bbox 484 3940 1152 4004">
     <span class='ocr_line' id='line_1_38' title="bbox 484 3940 1152 4004; baseline 0.006 -3"><span class='ocrx_word' id='word_1_131' title='bbox 484 3947 503 3953; x_wconf 81' lang='lat'><strong>‘</strong></span> <span class='ocrx_word' id='word_1_132' title='bbox 556 3942 604 3978; x_wconf 78' lang='lat'><strong>²⁶</strong></span> <span class='ocrx_word' id='word_1_133' title='bbox 624 3940 777 4001; x_wconf 91' lang='lat' dir='ltr'><strong>Cum</strong></span> <span class='ocrx_word' id='word_1_134' title='bbox 805 3952 999 4001; x_wconf 90' lang='lat' dir='ltr'><strong>autem</strong></span> <span class='ocrx_word' id='word_1_135' title='bbox 1028 3963 1152 4004; x_wconf 83' lang='lat' dir='ltr'><strong>non</strong></span> 
     </span>
    </p>
   </div>
   <div class='ocr_carea' id='block_1_9' title="bbox 556 4035 1083 4284">
    <p class='ocr_par' dir='ltr' id='par_1_14' title="bbox 556 4035 1083 4284">
     <span class='ocr_line' id='line_1_39' title="bbox 556 4035 1030 4096; baseline -0.002 0"><span class='ocrx_word' id='word_1_136' title='bbox 556 4035 795 4096; x_wconf 89' lang='lat' dir='ltr'><strong>haberet</strong></span> <span class='ocrx_word' id='word_1_137' title='bbox 874 4035 1030 4095; x_wconf 88' lang='lat' dir='ltr'><strong>unde</strong></span> 
     </span>
     <span class='ocr_line' id='line_1_40' title="bbox 558 4128 999 4189; baseline -0.002 -1"><span class='ocrx_word' id='word_1_138' title='bbox 558 4129 825 4189; x_wconf 86' lang='lat' dir='ltr'><strong>redderet</strong></span> <span class='ocrx_word' id='word_1_139' title='bbox 842 4161 858 4176; x_wconf 90' lang='lat'><strong>·</strong></span> <span class='ocrx_word' id='word_1_140' title='bbox 908 4128 999 4188; x_wconf 91' lang='lat' dir='ltr'><strong>ius</strong></span> 
     </span>
     <span class='ocr_line' id='line_1_41' title="bbox 560 4222 1083 4284; baseline 0 0"><span class='ocrx_word' id='word_1_141' title='bbox 560 4222 635 4284; x_wconf 85' lang='lat' dir='ltr'><strong>sit</strong></span> <span class='ocrx_word' id='word_1_142' title='bbox 659 4241 797 4284; x_wconf 89' lang='lat' dir='ltr'><strong>eum</strong></span> <span class='ocrx_word' id='word_1_143' title='bbox 822 4223 935 4284; x_wconf 78' lang='lat' dir='ltr'><strong>diis</strong></span> <span class='ocrx_word' id='word_1_144' title='bbox 956 4225 1083 4284; x_wconf 88' lang='lat' dir='ltr'><strong>eius</strong></span> 
     </span>
    </p>
   </div>
   <div class='ocr_carea' id='block_1_10' title="bbox 1843 345 2339 419">
    <p class='ocr_par' dir='ltr' id='par_1_15' title="bbox 1843 345 2339 419">
     <span class='ocr_line' id='line_1_42' title="bbox 1843 345 2339 419; baseline 0.002 -3"><span class='ocrx_word' id='word_1_145' title='bbox 1843 356 1977 417; x_wconf 81' lang='lat' dir='ltr'><strong>MA</strong></span> <span class='ocrx_word' id='word_1_146' title='bbox 1995 345 2316 419; x_wconf 71' lang='lat' dir='ltr'><strong>TTHEIJ·</strong></span> <span class='ocrx_word' id='word_1_147' title='bbox 2325 388 2339 403; x_wconf 92' lang='lat'><strong>·</strong></span> 
     </span>
    </p>
   </div>
   <div class='ocr_carea' id='block_1_11' title="bbox 1314 526 1944 2370">
    <p class='ocr_par' dir='ltr' id='par_1_16' title="bbox 1322 526 1881 681">
     <span class='ocr_line' id='line_1_43' title="bbox 1323 526 1881 587; baseline 0 -1"><span class='ocrx_word' id='word_1_148' title='bbox 1323 526 1645 587; x_wconf 88' lang='lat' dir='ltr'><strong>uenundari</strong></span> <span class='ocrx_word' id='word_1_149' title='bbox 1716 537 1774 587; x_wconf 88' lang='lat' dir='ltr'><strong>et</strong></span> <span class='ocrx_word' id='word_1_150' title='bbox 1798 544 1881 586; x_wconf 87' lang='lat' dir='ltr'><strong>ux</strong></span> 
     </span>
     <span class='ocr_line' id='line_1_44' title="bbox 1322 621 1827 681; baseline 0.002 -1"><span class='ocrx_word' id='word_1_151' title='bbox 1322 638 1487 681; x_wconf 89' lang='lat' dir='ltr'><strong>orem</strong></span> <span class='ocrx_word' id='word_1_152' title='bbox 1512 621 1637 681; x_wconf 91' lang='lat' dir='ltr'><strong>eius</strong></span> <span class='ocrx_word' id='word_1_153' title='bbox 1662 630 1721 681; x_wconf 89' lang='lat' dir='ltr'><strong>et</strong></span> <span class='ocrx_word' id='word_1_154' title='bbox 1748 621 1827 681; x_wconf 89' lang='lat' dir='ltr'><strong>fili</strong></span> 
     </span>
    </p>

    <p class='ocr_par' dir='ltr' id='par_1_17' title="bbox 1321 716 1919 870">
     <span class='ocr_line' id='line_1_45' title="bbox 1322 716 1919 793; baseline 0.003 -20"><span class='ocrx_word' id='word_1_155' title='bbox 1322 732 1390 773; x_wconf 93' lang='lat' dir='ltr'><strong>os</strong></span> <span class='ocrx_word' id='word_1_156' title='bbox 1410 748 1423 761; x_wconf 92' lang='lat'><strong>·</strong></span> <span class='ocrx_word' id='word_1_157' title='bbox 1455 725 1514 775; x_wconf 91' lang='lat' dir='ltr'><strong>et</strong></span> <span class='ocrx_word' id='word_1_158' title='bbox 1542 716 1740 775; x_wconf 85' lang='lat' dir='ltr'><strong>omnia</strong></span> <span class='ocrx_word' id='word_1_159' title='bbox 1768 732 1919 793; x_wconf 90' lang='lat' dir='ltr'><strong>quae</strong></span> 
     </span>
     <span class='ocr_line' id='line_1_46' title="bbox 1321 806 1827 870; baseline 0.008 -5"><span class='ocrx_word' id='word_1_160' title='bbox 1321 806 1573 868; x_wconf 87' lang='lat' dir='ltr'><strong>habebat</strong></span> <span class='ocrx_word' id='word_1_161' title='bbox 1637 820 1693 869; x_wconf 90' lang='lat' dir='ltr'><strong>et</strong></span> <span class='ocrx_word' id='word_1_162' title='bbox 1720 810 1827 870; x_wconf 86' lang='lat' dir='ltr'><strong>red</strong></span> 
     </span>
    </p>

    <p class='ocr_par' dir='ltr' id='par_1_18' title="bbox 1319 900 1705 961">
     <span class='ocr_line' id='line_1_47' title="bbox 1319 900 1705 961; baseline 0.008 -2"><span class='ocrx_word' id='word_1_163' title='bbox 1319 900 1377 959; x_wconf 90' lang='lat' dir='ltr'><strong>di</strong></span> <span class='ocrx_word' id='word_1_164' title='bbox 1406 901 1665 961; x_wconf 90' lang='lat' dir='ltr'><strong>debitum</strong></span> <span class='ocrx_word' id='word_1_165' title='bbox 1690 932 1705 949; x_wconf 93' lang='lat'><strong>·</strong></span> 
     </span>
    </p>

    <p class='ocr_par' dir='ltr' id='par_1_19' title="bbox 1315 990 1876 1353">
     <span class='ocr_line' id='line_1_48' title="bbox 1316 990 1870 1074; baseline 0.004 -21"><span class='ocrx_word' id='word_1_166' title='bbox 1316 990 1361 1027; x_wconf 74' lang='lat'><strong>⁸⁸</strong></span> <span class='ocrx_word' id='word_1_167' title='bbox 1378 994 1699 1055; x_wconf 90' lang='lat' dir='ltr'><strong>Procidens</strong></span> <span class='ocrx_word' id='word_1_168' title='bbox 1727 1014 1870 1074; x_wconf 90' lang='lat' dir='ltr'><strong>ergo</strong></span> 
     </span>
     <span class='ocr_line' id='line_1_49' title="bbox 1316 1090 1819 1149; baseline 0.004 -2"><span class='ocrx_word' id='word_1_169' title='bbox 1316 1105 1517 1148; x_wconf 88' lang='lat' dir='ltr'><strong>seruus</strong></span> <span class='ocrx_word' id='word_1_170' title='bbox 1546 1090 1819 1149; x_wconf 61' lang='lat' dir='ltr'><strong>adorabat</strong></span> 
     </span>
     <span class='ocr_line' id='line_1_50' title="bbox 1315 1183 1876 1243; baseline 0.004 -2"><span class='ocrx_word' id='word_1_171' title='bbox 1315 1200 1451 1241; x_wconf 90' lang='lat' dir='ltr'><strong>eum</strong></span> <span class='ocrx_word' id='word_1_172' title='bbox 1480 1183 1680 1243; x_wconf 84' lang='lat' dir='ltr'><strong>dicens</strong></span> <span class='ocrx_word' id='word_1_173' title='bbox 1702 1214 1718 1231; x_wconf 92' lang='lat'><strong>·</strong></span> <span class='ocrx_word' id='word_1_174' title='bbox 1760 1184 1876 1243; x_wconf 77' lang='lat' dir='ltr'><strong>dfie</strong></span> 
     </span>
     <span class='ocr_line' id='line_1_51' title="bbox 1316 1276 1832 1353; baseline 0.002 -17"><span class='ocrx_word' id='word_1_175' title='bbox 1316 1276 1651 1353; x_wconf 86' lang='lat' dir='ltr'><strong>patientiam</strong></span> <span class='ocrx_word' id='word_1_176' title='bbox 1678 1276 1832 1337; x_wconf 85' lang='lat' dir='ltr'><strong>habe</strong></span> 
     </span>
    </p>

    <p class='ocr_par' dir='ltr' id='par_1_20' title="bbox 1315 1369 1925 1711">
     <span class='ocr_line' id='line_1_52' title="bbox 1315 1369 1867 1429; baseline 0.005 -3"><span class='ocrx_word' id='word_1_177' title='bbox 1315 1369 1378 1426; x_wconf 90' lang='lat' dir='ltr'><strong>in</strong></span> <span class='ocrx_word' id='word_1_178' title='bbox 1405 1387 1501 1428; x_wconf 90' lang='lat' dir='ltr'><strong>me</strong></span> <span class='ocrx_word' id='word_1_179' title='bbox 1524 1400 1539 1416; x_wconf 92' lang='lat'><strong>·</strong></span> <span class='ocrx_word' id='word_1_180' title='bbox 1581 1379 1639 1429; x_wconf 91' lang='lat' dir='ltr'><strong>et</strong></span> <span class='ocrx_word' id='word_1_181' title='bbox 1665 1371 1867 1429; x_wconf 85' lang='lat' dir='ltr'><strong>omnia</strong></span> 
     </span>
     <span class='ocr_line' id='line_1_53' title="bbox 1317 1460 1925 1523; baseline 0.003 -2"><span class='ocrx_word' id='word_1_182' title='bbox 1317 1463 1420 1521; x_wconf 90' lang='lat' dir='ltr'><strong>tibi</strong></span> <span class='ocrx_word' id='word_1_183' title='bbox 1447 1462 1687 1523; x_wconf 87' lang='lat' dir='ltr'><strong>reddam</strong></span> <span class='ocrx_word' id='word_1_184' title='bbox 1707 1496 1721 1511; x_wconf 93' lang='lat'><strong>·</strong></span> <span class='ocrx_word' id='word_1_185' title='bbox 1778 1460 1827 1497; x_wconf 80' lang='lat'><strong>’⁷</strong></span> <span class='ocrx_word' id='word_1_186' title='bbox 1846 1464 1925 1523; x_wconf 92' lang='lat' dir='ltr'><strong>mi</strong></span> 
     </span>
     <span class='ocr_line' id='line_1_54' title="bbox 1318 1556 1867 1619; baseline 0.004 -2"><span class='ocrx_word' id='word_1_187' title='bbox 1318 1567 1502 1617; x_wconf 89' lang='lat' dir='ltr'><strong>sertus</strong></span> <span class='ocrx_word' id='word_1_188' title='bbox 1531 1568 1723 1617; x_wconf 88' lang='lat' dir='ltr'><strong>autem</strong></span> <span class='ocrx_word' id='word_1_189' title='bbox 1754 1556 1867 1619; x_wconf 76' lang='lat' dir='ltr'><strong>diis</strong></span> 
     </span>
     <span class='ocr_line' id='line_1_55' title="bbox 1317 1652 1817 1711; baseline 0.002 -1"><span class='ocrx_word' id='word_1_190' title='bbox 1317 1652 1471 1711; x_wconf 89' lang='lat' dir='ltr'><strong>serui</strong></span> <span class='ocrx_word' id='word_1_191' title='bbox 1499 1652 1647 1711; x_wconf 88' lang='lat' dir='ltr'><strong>illius</strong></span> <span class='ocrx_word' id='word_1_192' title='bbox 1676 1652 1817 1711; x_wconf 90' lang='lat' dir='ltr'><strong>dimi</strong></span> 
     </span>
    </p>

    <p class='ocr_par' dir='ltr' id='par_1_21' title="bbox 1314 1745 1944 2086">
     <span class='ocr_line' id='line_1_56' title="bbox 1317 1745 1915 1806; baseline 0.003 -2"><span class='ocrx_word' id='word_1_193' title='bbox 1317 1745 1389 1804; x_wconf 89' lang='lat' dir='ltr'><strong>sit</strong></span> <span class='ocrx_word' id='word_1_194' title='bbox 1415 1763 1553 1803; x_wconf 89' lang='lat' dir='ltr'><strong>eum</strong></span> <span class='ocrx_word' id='word_1_195' title='bbox 1572 1776 1586 1791; x_wconf 95' lang='lat'><strong>·</strong></span> <span class='ocrx_word' id='word_1_196' title='bbox 1630 1756 1688 1805; x_wconf 94' lang='lat' dir='ltr'><strong>et</strong></span> <span class='ocrx_word' id='word_1_197' title='bbox 1715 1746 1915 1806; x_wconf 79' lang='lat' dir='ltr'><strong>debitu</strong></span> 
     </span>
     <span class='ocr_line' id='line_1_57' title="bbox 1317 1837 1944 1919; baseline 0.005 -22"><span class='ocrx_word' id='word_1_198' title='bbox 1317 1839 1532 1898; x_wconf 87' lang='lat' dir='ltr'><strong>dimisit</strong></span> <span class='ocrx_word' id='word_1_199' title='bbox 1556 1840 1610 1898; x_wconf 91' lang='lat' dir='ltr'><strong>ei</strong></span> <span class='ocrx_word' id='word_1_200' title='bbox 1632 1870 1647 1885; x_wconf 91' lang='lat'><strong>·</strong></span> <span class='ocrx_word' id='word_1_201' title='bbox 1667 1872 1680 1887; x_wconf 93' lang='lat'><strong>·</strong></span> <span class='ocrx_word' id='word_1_202' title='bbox 1738 1837 1785 1873; x_wconf 79' lang='lat'><strong>&#39;⁸</strong></span> <span class='ocrx_word' id='word_1_203' title='bbox 1806 1859 1944 1919; x_wconf 90' lang='lat' dir='ltr'><strong>egre</strong></span> 
     </span>
     <span class='ocr_line' id='line_1_58' title="bbox 1318 1943 1868 1995; baseline 0.007 -4"><span class='ocrx_word' id='word_1_204' title='bbox 1318 1950 1416 1991; x_wconf 88' lang='lat' dir='ltr'><strong>sus</strong></span> <span class='ocrx_word' id='word_1_205' title='bbox 1443 1943 1639 1992; x_wconf 89' lang='lat' dir='ltr'><strong>autem</strong></span> <span class='ocrx_word' id='word_1_206' title='bbox 1668 1951 1868 1995; x_wconf 84' lang='lat' dir='ltr'><strong>seruus</strong></span> 
     </span>
     <span class='ocr_line' id='line_1_59' title="bbox 1314 2026 1720 2086; baseline 0.005 -2"><span class='ocrx_word' id='word_1_207' title='bbox 1314 2026 1407 2085; x_wconf 91' lang='lat' dir='ltr'><strong>ille</strong></span> <span class='ocrx_word' id='word_1_208' title='bbox 1432 2026 1655 2086; x_wconf 88' lang='lat' dir='ltr'><strong>inuenit</strong></span> <span class='ocrx_word' id='word_1_209' title='bbox 1680 2045 1720 2086; x_wconf 91' lang='lat' dir='ltr'><strong>u</strong></span> 
     </span>
    </p>

    <p class='ocr_par' dir='ltr' id='par_1_22' title="bbox 1316 2122 1886 2292">
     <span class='ocr_line' id='line_1_60' title="bbox 1316 2122 1886 2183; baseline 0.007 -4"><span class='ocrx_word' id='word_1_210' title='bbox 1316 2138 1461 2179; x_wconf 87' lang='lat' dir='ltr'><strong>num</strong></span> <span class='ocrx_word' id='word_1_211' title='bbox 1487 2140 1562 2180; x_wconf 84' lang='lat' dir='ltr'><strong>ex</strong></span> <span class='ocrx_word' id='word_1_212' title='bbox 1590 2122 1886 2183; x_wconf 85' lang='lat' dir='ltr'><strong>conseruis</strong></span> 
     </span>
     <span class='ocr_line' id='line_1_61' title="bbox 1316 2214 1790 2292; baseline 0.004 -19"><span class='ocrx_word' id='word_1_213' title='bbox 1316 2214 1435 2274; x_wconf 87' lang='lat' dir='ltr'><strong>suis</strong></span> <span class='ocrx_word' id='word_1_214' title='bbox 1458 2244 1473 2261; x_wconf 93' lang='lat'><strong>·</strong></span> <span class='ocrx_word' id='word_1_215' title='bbox 1516 2216 1615 2292; x_wconf 92' lang='lat' dir='ltr'><strong>qui</strong></span> <span class='ocrx_word' id='word_1_216' title='bbox 1642 2216 1790 2275; x_wconf 90' lang='lat' dir='ltr'><strong>debe</strong></span> 
     </span>
    </p>

    <p class='ocr_par' dir='ltr' id='par_1_23' title="bbox 1314 2308 1849 2370">
     <span class='ocr_line' id='line_1_62' title="bbox 1314 2308 1849 2370; baseline 0.006 -3"><span class='ocrx_word' id='word_1_217' title='bbox 1314 2309 1417 2367; x_wconf 91' lang='lat' dir='ltr'><strong>bat</strong></span> <span class='ocrx_word' id='word_1_218' title='bbox 1442 2308 1495 2368; x_wconf 91' lang='lat' dir='ltr'><strong>ei</strong></span> <span class='ocrx_word' id='word_1_219' title='bbox 1523 2318 1756 2369; x_wconf 84' lang='lat' dir='ltr'><strong>eentum</strong></span> <span class='ocrx_word' id='word_1_220' title='bbox 1776 2308 1849 2370; x_wconf 87' lang='lat' dir='ltr'><strong>de</strong></span> 
     </span>
    </p>
   </div>
   <div class='ocr_carea' id='block_1_12' title="bbox 1307 2440 1921 4290">
    <p class='ocr_par' dir='ltr' id='par_1_24' title="bbox 1312 2440 1877 2800">
     <span class='ocr_line' id='line_1_63' title="bbox 1314 2440 1877 2503; baseline 0.009 -6"><span class='ocrx_word' id='word_1_221' title='bbox 1314 2440 1510 2501; x_wconf 79' lang='lat' dir='ltr'><strong>nai-ios</strong></span> <span class='ocrx_word' id='word_1_222' title='bbox 1528 2472 1543 2488; x_wconf 94' lang='lat'><strong>·</strong></span> <span class='ocrx_word' id='word_1_223' title='bbox 1588 2451 1647 2503; x_wconf 90' lang='lat' dir='ltr'><strong>et</strong></span> <span class='ocrx_word' id='word_1_224' title='bbox 1673 2453 1877 2502; x_wconf 89' lang='lat' dir='ltr'><strong>tenens</strong></span> 
     </span>
     <span class='ocr_line' id='line_1_64' title="bbox 1312 2535 1810 2596; baseline 0.008 -4"><span class='ocrx_word' id='word_1_225' title='bbox 1312 2549 1449 2593; x_wconf 89' lang='lat' dir='ltr'><strong>eum</strong></span> <span class='ocrx_word' id='word_1_226' title='bbox 1483 2535 1810 2596; x_wconf 85' lang='lat' dir='ltr'><strong>suffocabat</strong></span> 
     </span>
     <span class='ocr_line' id='line_1_65' title="bbox 1313 2628 1848 2691; baseline 0.009 -5"><span class='ocrx_word' id='word_1_227' title='bbox 1313 2628 1519 2690; x_wconf 89' lang='lat' dir='ltr'><strong>dicens</strong></span> <span class='ocrx_word' id='word_1_228' title='bbox 1542 2661 1557 2677; x_wconf 92' lang='lat'><strong>·</strong></span> <span class='ocrx_word' id='word_1_229' title='bbox 1636 2629 1848 2691; x_wconf 90' lang='lat' dir='ltr'><strong>Redde</strong></span> 
     </span>
     <span class='ocr_line' id='line_1_66' title="bbox 1312 2724 1779 2800; baseline 0.009 -19"><span class='ocrx_word' id='word_1_230' title='bbox 1312 2724 1362 2782; x_wconf 87' lang='lat' dir='ltr'><strong>si</strong></span> <span class='ocrx_word' id='word_1_231' title='bbox 1392 2724 1532 2800; x_wconf 90' lang='lat' dir='ltr'><strong>quid</strong></span> <span class='ocrx_word' id='word_1_232' title='bbox 1562 2725 1743 2785; x_wconf 87' lang='lat' dir='ltr'><strong>debes</strong></span> <span class='ocrx_word' id='word_1_233' title='bbox 1763 2755 1779 2772; x_wconf 92' lang='lat'><strong>·</strong></span> 
     </span>
    </p>

    <p class='ocr_par' dir='ltr' id='par_1_25' title="bbox 1308 2811 1860 2973">
     <span class='ocr_line' id='line_1_67' title="bbox 1308 2811 1860 2898; baseline 0.007 -23"><span class='ocrx_word' id='word_1_234' title='bbox 1308 2811 1355 2850; x_wconf 83' lang='lat'><strong>¹⁹</strong></span> <span class='ocrx_word' id='word_1_235' title='bbox 1373 2817 1691 2878; x_wconf 88' lang='lat' dir='ltr'><strong>Procidens</strong></span> <span class='ocrx_word' id='word_1_236' title='bbox 1717 2837 1860 2898; x_wconf 91' lang='lat' dir='ltr'><strong>ergo</strong></span> 
     </span>
     <span class='ocr_line' id='line_1_68' title="bbox 1310 2929 1772 2973; baseline 0.006 -3"><span class='ocrx_word' id='word_1_237' title='bbox 1310 2929 1627 2972; x_wconf 88' lang='lat' dir='ltr'><strong>conseruus</strong></span> <span class='ocrx_word' id='word_1_238' title='bbox 1648 2931 1772 2973; x_wconf 80' lang='lat' dir='ltr'><strong>eius</strong></span> 
     </span>
    </p>

    <p class='ocr_par' dir='ltr' id='par_1_26' title="bbox 1307 3004 1921 4290">
     <span class='ocr_line' id='line_1_69' title="bbox 1310 3004 1895 3083; baseline 0.005 -19"><span class='ocrx_word' id='word_1_239' title='bbox 1310 3005 1390 3066; x_wconf 89' lang='lat' dir='ltr'><strong>ad</strong></span> <span class='ocrx_word' id='word_1_240' title='bbox 1416 3004 1599 3083; x_wconf 89' lang='lat' dir='ltr'><strong>pedes</strong></span> <span class='ocrx_word' id='word_1_241' title='bbox 1626 3008 1751 3066; x_wconf 90' lang='lat' dir='ltr'><strong>eius</strong></span> <span class='ocrx_word' id='word_1_242' title='bbox 1769 3034 1784 3048; x_wconf 90' lang='lat'><strong>·</strong></span> <span class='ocrx_word' id='word_1_243' title='bbox 1826 3023 1895 3068; x_wconf 87' lang='lat' dir='ltr'><strong>ro</strong></span> 
     </span>
     <span class='ocr_line' id='line_1_70' title="bbox 1308 3100 1921 3177; baseline 0.005 -18"><span class='ocrx_word' id='word_1_244' title='bbox 1308 3100 1489 3177; x_wconf 87' lang='lat' dir='ltr'><strong>gabat</strong></span> <span class='ocrx_word' id='word_1_245' title='bbox 1516 3118 1651 3160; x_wconf 90' lang='lat' dir='ltr'><strong>eum</strong></span> <span class='ocrx_word' id='word_1_246' title='bbox 1680 3101 1883 3162; x_wconf 90' lang='lat' dir='ltr'><strong>dicens</strong></span> <span class='ocrx_word' id='word_1_247' title='bbox 1906 3133 1921 3148; x_wconf 91' lang='lat'><strong>·</strong></span> 
     </span>
     <span class='ocr_line' id='line_1_71' title="bbox 1308 3194 1828 3272; baseline 0.004 -18"><span class='ocrx_word' id='word_1_248' title='bbox 1308 3194 1649 3272; x_wconf 88' lang='lat' dir='ltr'><strong>patientiam</strong></span> <span class='ocrx_word' id='word_1_249' title='bbox 1676 3195 1828 3256; x_wconf 88' lang='lat' dir='ltr'><strong>habe</strong></span> 
     </span>
     <span class='ocr_line' id='line_1_72' title="bbox 1308 3287 1815 3348; baseline 0.004 -2"><span class='ocrx_word' id='word_1_250' title='bbox 1308 3287 1371 3346; x_wconf 85' lang='lat' dir='ltr'><strong>in</strong></span> <span class='ocrx_word' id='word_1_251' title='bbox 1400 3305 1495 3346; x_wconf 90' lang='lat' dir='ltr'><strong>me</strong></span> <span class='ocrx_word' id='word_1_252' title='bbox 1522 3297 1581 3348; x_wconf 91' lang='lat' dir='ltr'><strong>et</strong></span> <span class='ocrx_word' id='word_1_253' title='bbox 1614 3289 1815 3348; x_wconf 88' lang='lat' dir='ltr'><strong>omnia</strong></span> 
     </span>
     <span class='ocr_line' id='line_1_73' title="bbox 1308 3381 1878 3443; baseline 0.005 -3"><span class='ocrx_word' id='word_1_254' title='bbox 1308 3381 1553 3441; x_wconf 85' lang='lat' dir='ltr'><strong>reddam</strong></span> <span class='ocrx_word' id='word_1_255' title='bbox 1583 3383 1684 3442; x_wconf 89' lang='lat' dir='ltr'><strong>tibi</strong></span> <span class='ocrx_word' id='word_1_256' title='bbox 1702 3413 1717 3428; x_wconf 91' lang='lat'><strong>·</strong></span> <span class='ocrx_word' id='word_1_257' title='bbox 1776 3381 1822 3416; x_wconf 79' lang='lat'><strong>⁸⁰</strong></span> <span class='ocrx_word' id='word_1_258' title='bbox 1838 3382 1878 3443; x_wconf 89' lang='lat' dir='ltr'><strong>il</strong></span> 
     </span>
     <span class='ocr_line' id='line_1_74' title="bbox 1307 3475 1841 3536; baseline 0.004 -2"><span class='ocrx_word' id='word_1_259' title='bbox 1307 3475 1363 3534; x_wconf 93' lang='lat' dir='ltr'><strong>le</strong></span> <span class='ocrx_word' id='word_1_260' title='bbox 1392 3487 1588 3536; x_wconf 86' lang='lat' dir='ltr'><strong>autern</strong></span> <span class='ocrx_word' id='word_1_261' title='bbox 1618 3477 1803 3536; x_wconf 88' lang='lat' dir='ltr'><strong>noluit</strong></span> <span class='ocrx_word' id='word_1_262' title='bbox 1827 3509 1841 3524; x_wconf 95' lang='lat'><strong>·</strong></span> 
     </span>
     <span class='ocr_line' id='line_1_75' title="bbox 1310 3568 1865 3632; baseline 0.002 -2"><span class='ocrx_word' id='word_1_263' title='bbox 1310 3568 1428 3630; x_wconf 90' lang='lat' dir='ltr'><strong>Sed</strong></span> <span class='ocrx_word' id='word_1_264' title='bbox 1456 3570 1595 3630; x_wconf 90' lang='lat' dir='ltr'><strong>abiit</strong></span> <span class='ocrx_word' id='word_1_265' title='bbox 1623 3580 1680 3630; x_wconf 91' lang='lat' dir='ltr'><strong>et</strong></span> <span class='ocrx_word' id='word_1_266' title='bbox 1708 3571 1865 3632; x_wconf 87' lang='lat' dir='ltr'><strong>misit</strong></span> 
     </span>
     <span class='ocr_line' id='line_1_76' title="bbox 1308 3665 1796 3726; baseline 0.004 -2"><span class='ocrx_word' id='word_1_267' title='bbox 1308 3683 1445 3724; x_wconf 89' lang='lat' dir='ltr'><strong>eum</strong></span> <span class='ocrx_word' id='word_1_268' title='bbox 1474 3665 1535 3724; x_wconf 86' lang='lat' dir='ltr'><strong>in</strong></span> <span class='ocrx_word' id='word_1_269' title='bbox 1565 3669 1796 3726; x_wconf 69' lang='lat' dir='ltr'><strong>carcere</strong></span> 
     </span>
     <span class='ocr_line' id='line_1_77' title="bbox 1308 3758 1798 3819; baseline 0.002 -2"><span class='ocrx_word' id='word_1_270' title='bbox 1308 3758 1501 3818; x_wconf 88' lang='lat' dir='ltr'><strong>donec</strong></span> <span class='ocrx_word' id='word_1_271' title='bbox 1529 3759 1798 3819; x_wconf 89' lang='lat' dir='ltr'><strong>redderet</strong></span> 
     </span>
     <span class='ocr_line' id='line_1_78' title="bbox 1309 3853 1785 3912; baseline 0 0"><span class='ocrx_word' id='word_1_272' title='bbox 1309 3853 1569 3912; x_wconf 89' lang='lat' dir='ltr'><strong>debitum</strong></span> <span class='ocrx_word' id='word_1_273' title='bbox 1590 3885 1603 3900; x_wconf 93' lang='lat'><strong>·</strong></span> <span class='ocrx_word' id='word_1_274' title='bbox 1652 3853 1695 3886; x_wconf 83' lang='lat'><strong>⁸¹</strong></span> <span class='ocrx_word' id='word_1_275' title='bbox 1708 3853 1785 3912; x_wconf 90' lang='lat' dir='ltr'><strong>Ui</strong></span> 
     </span>
     <span class='ocr_line' id='line_1_79' title="bbox 1309 3945 1883 4007; baseline 0.005 -3"><span class='ocrx_word' id='word_1_276' title='bbox 1309 3945 1515 4005; x_wconf 88' lang='lat' dir='ltr'><strong>dentes</strong></span> <span class='ocrx_word' id='word_1_277' title='bbox 1543 3956 1737 4006; x_wconf 89' lang='lat' dir='ltr'><strong>autem</strong></span> <span class='ocrx_word' id='word_1_278' title='bbox 1765 3965 1883 4007; x_wconf 87' lang='lat' dir='ltr'><strong>con</strong></span> 
     </span>
     <span class='ocr_line' id='line_1_80' title="bbox 1309 4039 1803 4117; baseline 0.004 -19"><span class='ocrx_word' id='word_1_279' title='bbox 1309 4039 1460 4098; x_wconf 85' lang='lat' dir='ltr'><strong>serui</strong></span> <span class='ocrx_word' id='word_1_280' title='bbox 1486 4039 1633 4098; x_wconf 89' lang='lat' dir='ltr'><strong>illius</strong></span> <span class='ocrx_word' id='word_1_281' title='bbox 1652 4058 1803 4117; x_wconf 90' lang='lat' dir='ltr'><strong>quae</strong></span> 
     </span>
     <span class='ocr_line' id='line_1_81' title="bbox 1308 4131 1851 4194; baseline 0.007 -4"><span class='ocrx_word' id='word_1_282' title='bbox 1308 4131 1557 4191; x_wconf 83' lang='lat' dir='ltr'><strong>faciebat</strong></span> <span class='ocrx_word' id='word_1_283' title='bbox 1573 4163 1586 4178; x_wconf 92' lang='lat'><strong>·</strong></span> <span class='ocrx_word' id='word_1_284' title='bbox 1630 4133 1851 4194; x_wconf 84' lang='lat' dir='ltr'><strong>contris</strong></span> 
     </span>
     <span class='ocr_line' id='line_1_82' title="bbox 1309 4223 1769 4290; baseline 0.002 -1"><span class='ocrx_word' id='word_1_285' title='bbox 1309 4223 1409 4289; x_wconf 71' lang='lat' dir='ltr'><strong>tati</strong></span> <span class='ocrx_word' id='word_1_286' title='bbox 1438 4236 1573 4289; x_wconf 88' lang='lat' dir='ltr'><strong>sunt</strong></span> <span class='ocrx_word' id='word_1_287' title='bbox 1598 4227 1769 4290; x_wconf 86' lang='lat' dir='ltr'><strong>ualde</strong></span> 
     </span>
    </p>
   </div>
   <div class='ocr_carea' id='block_1_13' title="bbox 2112 525 2748 2368">
    <p class='ocr_par' dir='ltr' id='par_1_27' title="bbox 2124 525 2698 681">
     <span class='ocr_line' id='line_1_83' title="bbox 2128 525 2698 589; baseline 0.002 -3"><span class='ocrx_word' id='word_1_288' title='bbox 2128 525 2205 587; x_wconf 91' lang='lat' dir='ltr'><strong>Et</strong></span> <span class='ocrx_word' id='word_1_289' title='bbox 2231 528 2534 589; x_wconf 82' lang='lat' dir='ltr'><strong>uenientes</strong></span> <span class='ocrx_word' id='word_1_290' title='bbox 2562 536 2698 588; x_wconf 65' lang='lat' dir='ltr'><strong>enssr</strong></span> 
     </span>
     <span class='ocr_line' id='line_1_84' title="bbox 2124 622 2549 681; baseline 0.002 -1"><span class='ocrx_word' id='word_1_291' title='bbox 2124 632 2398 680; x_wconf 88' lang='lat' dir='ltr'><strong>rauerunt</strong></span> <span class='ocrx_word' id='word_1_292' title='bbox 2426 622 2549 681; x_wconf 75' lang='lat' dir='ltr'><strong>dfio</strong></span> 
     </span>
    </p>

    <p class='ocr_par' dir='ltr' id='par_1_28' title="bbox 2116 716 2748 1447">
     <span class='ocr_line' id='line_1_85' title="bbox 2125 716 2636 793; baseline 0.002 -20"><span class='ocrx_word' id='word_1_293' title='bbox 2125 732 2234 775; x_wconf 89' lang='lat' dir='ltr'><strong>suo</strong></span> <span class='ocrx_word' id='word_1_294' title='bbox 2257 716 2459 775; x_wconf 87' lang='lat' dir='ltr'><strong>omnia</strong></span> <span class='ocrx_word' id='word_1_295' title='bbox 2486 732 2636 793; x_wconf 88' lang='lat' dir='ltr'><strong>quae</strong></span> 
     </span>
     <span class='ocr_line' id='line_1_86' title="bbox 2124 806 2748 870; baseline 0.005 -3"><span class='ocrx_word' id='word_1_296' title='bbox 2124 808 2280 868; x_wconf 85' lang='lat' dir='ltr'><strong>facta</strong></span> <span class='ocrx_word' id='word_1_297' title='bbox 2307 819 2442 869; x_wconf 86' lang='lat' dir='ltr'><strong>sunt</strong></span> <span class='ocrx_word' id='word_1_298' title='bbox 2465 841 2479 857; x_wconf 90' lang='lat'><strong>·</strong></span> <span class='ocrx_word' id='word_1_299' title='bbox 2541 806 2588 843; x_wconf 77' lang='lat'><strong>⁸²</strong></span> <span class='ocrx_word' id='word_1_300' title='bbox 2607 820 2748 870; x_wconf 80' lang='lat' dir='ltr'><strong>tunc</strong></span> 
     </span>
     <span class='ocr_line' id='line_1_87' title="bbox 2122 903 2683 963; baseline 0.004 -2"><span class='ocrx_word' id='word_1_301' title='bbox 2122 920 2344 963; x_wconf 88' lang='lat' dir='ltr'><strong>uocans</strong></span> <span class='ocrx_word' id='word_1_302' title='bbox 2373 922 2508 962; x_wconf 88' lang='lat' dir='ltr'><strong>eum</strong></span> <span class='ocrx_word' id='word_1_303' title='bbox 2537 903 2648 963; x_wconf 76' lang='lat' dir='ltr'><strong>dr‘is</strong></span> <span class='ocrx_word' id='word_1_304' title='bbox 2668 935 2683 950; x_wconf 91' lang='lat'><strong>·</strong></span> 
     </span>
     <span class='ocr_line' id='line_1_88' title="bbox 2121 996 2675 1056; baseline 0.002 -2"><span class='ocrx_word' id='word_1_305' title='bbox 2121 996 2248 1055; x_wconf 88' lang='lat' dir='ltr'><strong>eius</strong></span> <span class='ocrx_word' id='word_1_306' title='bbox 2318 996 2393 1055; x_wconf 91' lang='lat' dir='ltr'><strong>ait</strong></span> <span class='ocrx_word' id='word_1_307' title='bbox 2421 996 2499 1055; x_wconf 92' lang='lat' dir='ltr'><strong>illi</strong></span> <span class='ocrx_word' id='word_1_308' title='bbox 2521 1028 2535 1044; x_wconf 90' lang='lat'><strong>·</strong></span> <span class='ocrx_word' id='word_1_309' title='bbox 2579 1014 2675 1056; x_wconf 88' lang='lat' dir='ltr'><strong>ser</strong></span> 
     </span>
     <span class='ocr_line' id='line_1_89' title="bbox 2119 1107 2592 1168; baseline 0.004 -21"><span class='ocrx_word' id='word_1_310' title='bbox 2119 1107 2195 1148; x_wconf 87' lang='lat' dir='ltr'><strong>ue</strong></span> <span class='ocrx_word' id='word_1_311' title='bbox 2223 1108 2418 1168; x_wconf 89' lang='lat' dir='ltr'><strong>nequa</strong></span> <span class='ocrx_word' id='word_1_312' title='bbox 2489 1108 2592 1149; x_wconf 90' lang='lat' dir='ltr'><strong>om</strong></span> 
     </span>
     <span class='ocr_line' id='line_1_90' title="bbox 2119 1184 2550 1244; baseline 0.005 -2"><span class='ocrx_word' id='word_1_313' title='bbox 2119 1201 2259 1243; x_wconf 90' lang='lat' dir='ltr'><strong>nem</strong></span> <span class='ocrx_word' id='word_1_314' title='bbox 2290 1184 2550 1244; x_wconf 88' lang='lat' dir='ltr'><strong>debitum</strong></span> 
     </span>
     <span class='ocr_line' id='line_1_91' title="bbox 2118 1275 2616 1357; baseline 0.008 -24"><span class='ocrx_word' id='word_1_315' title='bbox 2118 1275 2315 1335; x_wconf 86' lang='lat' dir='ltr'><strong>remisi</strong></span> <span class='ocrx_word' id='word_1_316' title='bbox 2343 1277 2442 1335; x_wconf 90' lang='lat' dir='ltr'><strong>tibi</strong></span> <span class='ocrx_word' id='word_1_317' title='bbox 2473 1283 2616 1357; x_wconf 74' lang='lat' dir='ltr'><strong>qfim</strong></span> 
     </span>
     <span class='ocr_line' id='line_1_92' title="bbox 2116 1371 2497 1447; baseline 0.003 -18"><span class='ocrx_word' id='word_1_318' title='bbox 2116 1371 2338 1447; x_wconf 86' lang='lat' dir='ltr'><strong>rogasti</strong></span> <span class='ocrx_word' id='word_1_319' title='bbox 2365 1389 2460 1430; x_wconf 90' lang='lat' dir='ltr'><strong>me</strong></span> <span class='ocrx_word' id='word_1_320' title='bbox 2481 1401 2497 1418; x_wconf 92' lang='lat'><strong>·</strong></span> 
     </span>
    </p>

    <p class='ocr_par' dir='ltr' id='par_1_29' title="bbox 2118 1463 2658 1711">
     <span class='ocr_line' id='line_1_93' title="bbox 2118 1463 2658 1544; baseline 0.007 -21"><span class='ocrx_word' id='word_1_321' title='bbox 2118 1463 2163 1497; x_wconf 78' lang='lat'><strong>³⁸</strong></span> <span class='ocrx_word' id='word_1_322' title='bbox 2180 1482 2304 1524; x_wconf 88' lang='lat' dir='ltr'><strong>non</strong></span> <span class='ocrx_word' id='word_1_323' title='bbox 2331 1482 2477 1542; x_wconf 87' lang='lat' dir='ltr'><strong>ergo</strong></span> <span class='ocrx_word' id='word_1_324' title='bbox 2506 1484 2658 1544; x_wconf 90' lang='lat' dir='ltr'><strong>opor</strong></span> 
     </span>
     <span class='ocr_line' id='line_1_94' title="bbox 2118 1558 2616 1619; baseline 0.006 -4"><span class='ocrx_word' id='word_1_325' title='bbox 2118 1558 2226 1616; x_wconf 89' lang='lat' dir='ltr'><strong>tuit</strong></span> <span class='ocrx_word' id='word_1_326' title='bbox 2253 1568 2311 1617; x_wconf 94' lang='lat' dir='ltr'><strong>et</strong></span> <span class='ocrx_word' id='word_1_327' title='bbox 2337 1569 2398 1618; x_wconf 91' lang='lat' dir='ltr'><strong>te</strong></span> <span class='ocrx_word' id='word_1_328' title='bbox 2467 1559 2616 1619; x_wconf 90' lang='lat' dir='ltr'><strong>mise</strong></span> 
     </span>
     <span class='ocr_line' id='line_1_95' title="bbox 2118 1651 2524 1711; baseline 0 -1"><span class='ocrx_word' id='word_1_329' title='bbox 2118 1651 2230 1711; x_wconf 90' lang='lat' dir='ltr'><strong>reri</strong></span> <span class='ocrx_word' id='word_1_330' title='bbox 2257 1652 2524 1711; x_wconf 90' lang='lat' dir='ltr'><strong>conserui</strong></span> 
     </span>
    </p>

    <p class='ocr_par' dir='ltr' id='par_1_30' title="bbox 2118 1746 2576 1806">
     <span class='ocr_line' id='line_1_96' title="bbox 2118 1746 2576 1806; baseline 0.004 -2"><span class='ocrx_word' id='word_1_331' title='bbox 2118 1746 2203 1804; x_wconf 91' lang='lat' dir='ltr'><strong>tui</strong></span> <span class='ocrx_word' id='word_1_332' title='bbox 2221 1777 2236 1792; x_wconf 91' lang='lat'><strong>·</strong></span> <span class='ocrx_word' id='word_1_333' title='bbox 2277 1746 2422 1805; x_wconf 89' lang='lat' dir='ltr'><strong>sicut</strong></span> <span class='ocrx_word' id='word_1_334' title='bbox 2455 1756 2514 1805; x_wconf 91' lang='lat' dir='ltr'><strong>et</strong></span> <span class='ocrx_word' id='word_1_335' title='bbox 2541 1766 2576 1806; x_wconf 89' lang='lat' dir='ltr'><strong>e</strong></span> 
     </span>
    </p>

    <p class='ocr_par' dir='ltr' id='par_1_31' title="bbox 2112 1839 2690 2368">
     <span class='ocr_line' id='line_1_97' title="bbox 2120 1839 2603 1916; baseline 0.006 -19"><span class='ocrx_word' id='word_1_336' title='bbox 2120 1857 2201 1916; x_wconf 89' lang='lat' dir='ltr'><strong>go</strong></span> <span class='ocrx_word' id='word_1_337' title='bbox 2231 1840 2312 1898; x_wconf 90' lang='lat' dir='ltr'><strong>tui</strong></span> <span class='ocrx_word' id='word_1_338' title='bbox 2338 1839 2603 1901; x_wconf 89' lang='lat' dir='ltr'><strong>misertus</strong></span> 
     </span>
     <span class='ocr_line' id='line_1_98' title="bbox 2121 1932 2690 1994; baseline 0.004 -2"><span class='ocrx_word' id='word_1_339' title='bbox 2121 1952 2252 1993; x_wconf 88' lang='lat' dir='ltr'><strong>sum</strong></span> <span class='ocrx_word' id='word_1_340' title='bbox 2272 1964 2286 1981; x_wconf 91' lang='lat'><strong>·</strong></span> <span class='ocrx_word' id='word_1_341' title='bbox 2349 1932 2488 1992; x_wconf 65' lang='lat' dir='ltr'><strong>“Et</strong></span> <span class='ocrx_word' id='word_1_342' title='bbox 2512 1935 2690 1994; x_wconf 87' lang='lat' dir='ltr'><strong>iratus</strong></span> 
     </span>
     <span class='ocr_line' id='line_1_99' title="bbox 2120 2027 2626 2087; baseline 0.002 -1"><span class='ocrx_word' id='word_1_343' title='bbox 2120 2027 2234 2087; x_wconf 77' lang='lat' dir='ltr'><strong>dfis</strong></span> <span class='ocrx_word' id='word_1_344' title='bbox 2259 2028 2386 2087; x_wconf 89' lang='lat' dir='ltr'><strong>eius</strong></span> <span class='ocrx_word' id='word_1_345' title='bbox 2451 2027 2626 2087; x_wconf 88' lang='lat' dir='ltr'><strong>tradit</strong></span> 
     </span>
     <span class='ocr_line' id='line_1_100' title="bbox 2116 2122 2628 2181; baseline -0.002 0"><span class='ocrx_word' id='word_1_346' title='bbox 2116 2138 2254 2181; x_wconf 89' lang='lat' dir='ltr'><strong>eum</strong></span> <span class='ocrx_word' id='word_1_347' title='bbox 2283 2122 2591 2180; x_wconf 88' lang='lat' dir='ltr'><strong>tortoribus</strong></span> <span class='ocrx_word' id='word_1_348' title='bbox 2611 2152 2628 2169; x_wconf 88' lang='lat'><strong>·</strong></span> 
     </span>
     <span class='ocr_line' id='line_1_101' title="bbox 2117 2214 2658 2292; baseline 0.002 -18"><span class='ocrx_word' id='word_1_349' title='bbox 2117 2214 2523 2292; x_wconf 87' lang='lat' dir='ltr'><strong>Quoadusque</strong></span> <span class='ocrx_word' id='word_1_350' title='bbox 2551 2214 2658 2275; x_wconf 90' lang='lat' dir='ltr'><strong>red</strong></span> 
     </span>
     <span class='ocr_line' id='line_1_102' title="bbox 2112 2307 2510 2368; baseline 0.003 -1"><span class='ocrx_word' id='word_1_351' title='bbox 2112 2307 2280 2368; x_wconf 91' lang='lat' dir='ltr'><strong>deret</strong></span> <span class='ocrx_word' id='word_1_352' title='bbox 2303 2310 2510 2368; x_wconf 88' lang='lat' dir='ltr'><strong>uniuer</strong></span> 
     </span>
    </p>
   </div>
   <div class='ocr_carea' id='block_1_14' title="bbox 2109 2440 2744 3158">
    <p class='ocr_par' dir='ltr' id='par_1_32' title="bbox 2114 2440 2569 2500">
     <span class='ocr_line' id='line_1_103' title="bbox 2114 2440 2569 2500; baseline 0 -1"><span class='ocrx_word' id='word_1_353' title='bbox 2114 2458 2245 2499; x_wconf 90' lang='lat' dir='ltr'><strong>sum</strong></span> <span class='ocrx_word' id='word_1_354' title='bbox 2275 2440 2535 2500; x_wconf 88' lang='lat' dir='ltr'><strong>debitum</strong></span> <span class='ocrx_word' id='word_1_355' title='bbox 2555 2472 2569 2491; x_wconf 91' lang='lat'><strong>·</strong></span> 
     </span>
    </p>

    <p class='ocr_par' dir='ltr' id='par_1_33' title="bbox 2109 2534 2744 3158">
     <span class='ocr_line' id='line_1_104' title="bbox 2110 2534 2744 2612; baseline 0.002 -18"><span class='ocrx_word' id='word_1_356' title='bbox 2110 2535 2159 2569; x_wconf 75' lang='lat'><strong>⁸⁶</strong></span> <span class='ocrx_word' id='word_1_357' title='bbox 2178 2534 2274 2595; x_wconf 87' lang='lat' dir='ltr'><strong>Sic</strong></span> <span class='ocrx_word' id='word_1_358' title='bbox 2302 2545 2360 2594; x_wconf 90' lang='lat' dir='ltr'><strong>et</strong></span> <span class='ocrx_word' id='word_1_359' title='bbox 2387 2546 2550 2612; x_wconf 88' lang='lat' dir='ltr'><strong>pater</strong></span> <span class='ocrx_word' id='word_1_360' title='bbox 2577 2552 2744 2595; x_wconf 88' lang='lat' dir='ltr'><strong>meus</strong></span> 
     </span>
     <span class='ocr_line' id='line_1_105' title="bbox 2112 2627 2574 2688; baseline 0 0"><span class='ocrx_word' id='word_1_361' title='bbox 2112 2629 2378 2688; x_wconf 89' lang='lat' dir='ltr'><strong>caelestis</strong></span> <span class='ocrx_word' id='word_1_362' title='bbox 2405 2627 2574 2688; x_wconf 86' lang='lat' dir='ltr'><strong>faciet</strong></span> 
     </span>
     <span class='ocr_line' id='line_1_106' title="bbox 2111 2723 2651 2782; baseline 0.002 -1"><span class='ocrx_word' id='word_1_363' title='bbox 2111 2723 2283 2782; x_wconf 83' lang='lat' dir='ltr'><strong>uobis</strong></span> <span class='ocrx_word' id='word_1_364' title='bbox 2301 2753 2315 2769; x_wconf 90' lang='lat'><strong>·</strong></span> <span class='ocrx_word' id='word_1_365' title='bbox 2363 2723 2412 2782; x_wconf 92' lang='lat' dir='ltr'><strong>si</strong></span> <span class='ocrx_word' id='word_1_366' title='bbox 2439 2741 2562 2781; x_wconf 87' lang='lat' dir='ltr'><strong>non</strong></span> <span class='ocrx_word' id='word_1_367' title='bbox 2589 2741 2651 2782; x_wconf 90' lang='lat' dir='ltr'><strong>re</strong></span> 
     </span>
     <span class='ocr_line' id='line_1_107' title="bbox 2112 2816 2573 2876; baseline 0 -2"><span class='ocrx_word' id='word_1_368' title='bbox 2112 2816 2377 2876; x_wconf 87' lang='lat' dir='ltr'><strong>miseritis</strong></span> <span class='ocrx_word' id='word_1_369' title='bbox 2409 2816 2573 2875; x_wconf 88' lang='lat' dir='ltr'><strong>homi</strong></span> 
     </span>
     <span class='ocr_line' id='line_1_108' title="bbox 2109 2911 2631 2988; baseline 0 -18"><span class='ocrx_word' id='word_1_370' title='bbox 2109 2911 2282 2970; x_wconf 88' lang='lat' dir='ltr'><strong>nibus</strong></span> <span class='ocrx_word' id='word_1_371' title='bbox 2347 2911 2631 2988; x_wconf 86' lang='lat' dir='ltr'><strong>unusquis</strong></span> 
     </span>
     <span class='ocr_line' id='line_1_109' title="bbox 2109 3005 2630 3080; baseline 0.002 -17"><span class='ocrx_word' id='word_1_372' title='bbox 2109 3021 2227 3080; x_wconf 93' lang='lat' dir='ltr'><strong>que</strong></span> <span class='ocrx_word' id='word_1_373' title='bbox 2255 3005 2329 3064; x_wconf 93' lang='lat' dir='ltr'><strong>de</strong></span> <span class='ocrx_word' id='word_1_374' title='bbox 2359 3005 2630 3065; x_wconf 86' lang='lat' dir='ltr'><strong>cordibus</strong></span> 
     </span>
     <span class='ocr_line' id='line_1_110' title="bbox 2109 3099 2580 3158; baseline 0.004 -2"><span class='ocrx_word' id='word_1_375' title='bbox 2109 3099 2317 3158; x_wconf 85' lang='lat' dir='ltr'><strong>uestris</strong></span> <span class='ocrx_word' id='word_1_376' title='bbox 2339 3131 2354 3146; x_wconf 90' lang='lat'><strong>·</strong></span> <span class='ocrx_word' id='word_1_377' title='bbox 2380 3126 2395 3146; x_wconf 84' lang='lat'><strong>·</strong></span> <span class='ocrx_word' id='word_1_378' title='bbox 2421 3131 2434 3145; x_wconf 94' lang='lat'><strong>·</strong></span> <span class='ocrx_word' id='word_1_379' title='bbox 2461 3129 2475 3146; x_wconf 91' lang='lat'><strong>·</strong></span> <span class='ocrx_word' id='word_1_380' title='bbox 2497 3124 2580 3151; x_wconf 58' lang='lat' dir='ltr'><em>w</em></span> 
     </span>
    </p>
   </div>
   <div class='ocr_carea' id='block_1_15' title="bbox 2059 3189 2766 3252">
    <p class='ocr_par' dir='ltr' id='par_1_34' title="bbox 2059 3189 2766 3252">
     <span class='ocr_line' id='line_1_111' title="bbox 2059 3189 2766 3252; baseline 0.004 -3"><span class='ocrx_word' id='word_1_381' title='bbox 2059 3189 2088 3222; x_wconf 83' lang='grc'>*</span> <span class='ocrx_word' id='word_1_382' title='bbox 2108 3196 2209 3252; x_wconf 82' lang='grc'><strong>19.</strong></span> <span class='ocrx_word' id='word_1_383' title='bbox 2250 3191 2271 3224; x_wconf 86' lang='lat'>¹</span> <span class='ocrx_word' id='word_1_384' title='bbox 2289 3191 2365 3251; x_wconf 91' lang='lat' dir='ltr'><strong>Et</strong></span> <span class='ocrx_word' id='word_1_385' title='bbox 2392 3192 2613 3251; x_wconf 85' lang='lat' dir='ltr'><strong>sactum</strong></span> <span class='ocrx_word' id='word_1_386' title='bbox 2639 3201 2766 3252; x_wconf 89' lang='lat' dir='ltr'><strong>est·</strong></span> 
     </span>
    </p>
   </div>
   <div class='ocr_carea' id='block_1_16' title="bbox 2055 3287 2734 4380">
    <p class='ocr_par' dir='ltr' id='par_1_35' title="bbox 2056 3287 2584 3347">
     <span class='ocr_line' id='line_1_112' title="bbox 2056 3287 2584 3347; baseline 0 -2"><span class='ocrx_word' id='word_1_387' title='bbox 2056 3287 2087 3322; x_wconf 71' lang='lat'><strong>*¹</strong></span> <span class='ocrx_word' id='word_1_388' title='bbox 2104 3304 2243 3345; x_wconf 89' lang='lat' dir='ltr'><strong>cum</strong></span> <span class='ocrx_word' id='word_1_389' title='bbox 2271 3304 2584 3347; x_wconf 87' lang='lat' dir='ltr'><strong>consumas</strong></span> 
     </span>
    </p>

    <p class='ocr_par' dir='ltr' id='par_1_36' title="bbox 2057 3376 2530 3440">
     <span class='ocr_line' id='line_1_113' title="bbox 2057 3376 2530 3440; baseline 0.002 -2"><span class='ocrx_word' id='word_1_390' title='bbox 2057 3376 2087 3410; x_wconf 83' lang='lat'><strong>&#39;⁸¹</strong></span> <span class='ocrx_word' id='word_1_391' title='bbox 2106 3389 2195 3439; x_wconf 91' lang='lat' dir='ltr'><strong>set</strong></span> <span class='ocrx_word' id='word_1_392' title='bbox 2219 3379 2309 3439; x_wconf 85' lang='lat' dir='ltr'><strong>ihs</strong></span> <span class='ocrx_word' id='word_1_393' title='bbox 2336 3397 2530 3440; x_wconf 89' lang='lat' dir='ltr'><strong>sermo</strong></span> 
     </span>
    </p>

    <p class='ocr_par' dir='ltr' id='par_1_37' title="bbox 2056 3471 2624 3534">
     <span class='ocr_line' id='line_1_114' title="bbox 2056 3471 2624 3534; baseline 0.002 -2"><span class='ocrx_word' id='word_1_394' title='bbox 2056 3471 2085 3506; x_wconf 87' lang='grc'>*</span> <span class='ocrx_word' id='word_1_395' title='bbox 2106 3492 2214 3534; x_wconf 86' lang='lat' dir='ltr'><strong>nes</strong></span> <span class='ocrx_word' id='word_1_396' title='bbox 2243 3474 2386 3534; x_wconf 89' lang='lat' dir='ltr'><strong>istos</strong></span> <span class='ocrx_word' id='word_1_397' title='bbox 2405 3505 2420 3521; x_wconf 93' lang='lat'><strong>·</strong></span> <span class='ocrx_word' id='word_1_398' title='bbox 2462 3484 2624 3533; x_wconf 83' lang='lat' dir='ltr'><strong>trans</strong></span> 
     </span>
    </p>

    <p class='ocr_par' dir='ltr' id='par_1_38' title="bbox 2056 3565 2609 3646">
     <span class='ocr_line' id='line_1_115' title="bbox 2056 3565 2609 3646; baseline -0.002 -19"><span class='ocrx_word' id='word_1_399' title='bbox 2056 3565 2232 3628; x_wconf 82' lang='lat' dir='ltr'><strong>*tulit</strong></span> <span class='ocrx_word' id='word_1_400' title='bbox 2258 3587 2321 3628; x_wconf 89' lang='lat' dir='ltr'><strong>se</strong></span> <span class='ocrx_word' id='word_1_401' title='bbox 2349 3570 2411 3626; x_wconf 88' lang='lat' dir='ltr'><strong>in</strong></span> <span class='ocrx_word' id='word_1_402' title='bbox 2438 3567 2609 3646; x_wconf 87' lang='lat' dir='ltr'><strong>galile</strong></span> 
     </span>
    </p>

    <p class='ocr_par' dir='ltr' id='par_1_39' title="bbox 2055 3660 2734 4286">
     <span class='ocr_line' id='line_1_116' title="bbox 2055 3660 2616 3722; baseline -0.002 -1"><span class='ocrx_word' id='word_1_403' title='bbox 2055 3660 2085 3694; x_wconf 83' lang='lat'><strong>&#39;⁸¹</strong></span> <span class='ocrx_word' id='word_1_404' title='bbox 2104 3679 2204 3721; x_wconf 87' lang='lat' dir='ltr'><strong>am</strong></span> <span class='ocrx_word' id='word_1_405' title='bbox 2227 3693 2242 3708; x_wconf 90' lang='lat'><strong>·</strong></span> <span class='ocrx_word' id='word_1_406' title='bbox 2285 3671 2344 3721; x_wconf 92' lang='lat' dir='ltr'><strong>et</strong></span> <span class='ocrx_word' id='word_1_407' title='bbox 2367 3662 2530 3722; x_wconf 82' lang='lat' dir='ltr'><strong>uenit</strong></span> <span class='ocrx_word' id='word_1_408' title='bbox 2555 3661 2616 3720; x_wconf 90' lang='lat' dir='ltr'><strong>in</strong></span> 
     </span>
     <span class='ocr_line' id='line_1_117' title="bbox 2104 3754 2669 3816; baseline 0 -1"><span class='ocrx_word' id='word_1_409' title='bbox 2104 3757 2255 3815; x_wconf 87' lang='lat' dir='ltr'><strong>fines</strong></span> <span class='ocrx_word' id='word_1_410' title='bbox 2281 3754 2486 3815; x_wconf 86' lang='lat' dir='ltr'><strong>iudeae</strong></span> <span class='ocrx_word' id='word_1_411' title='bbox 2514 3763 2669 3816; x_wconf 76' lang='lat' dir='ltr'><strong>tr⁸ns</strong></span> 
     </span>
     <span class='ocr_line' id='line_1_118' title="bbox 2104 3849 2478 3908; baseline 0 -1"><span class='ocrx_word' id='word_1_412' title='bbox 2104 3849 2478 3908; x_wconf 88' lang='lat' dir='ltr'><strong>iordannem·</strong></span> 
     </span>
     <span class='ocr_line' id='line_1_119' title="bbox 2106 3940 2734 4004; baseline 0.003 -2"><span class='ocrx_word' id='word_1_413' title='bbox 2106 3940 2129 3974; x_wconf 83' lang='lat'><strong>¹</strong></span> <span class='ocrx_word' id='word_1_414' title='bbox 2144 3952 2202 4002; x_wconf 89' lang='lat' dir='ltr'><strong>et</strong></span> <span class='ocrx_word' id='word_1_415' title='bbox 2230 3952 2425 4003; x_wconf 90' lang='lat' dir='ltr'><strong>secute</strong></span> <span class='ocrx_word' id='word_1_416' title='bbox 2454 3953 2588 4002; x_wconf 88' lang='lat' dir='ltr'><strong>sunt</strong></span> <span class='ocrx_word' id='word_1_417' title='bbox 2605 3954 2734 4004; x_wconf 63' lang='lat' dir='ltr'><strong>eu·-</strong></span> 
     </span>
     <span class='ocr_line' id='line_1_120' title="bbox 2103 4036 2581 4098; baseline -0.002 0"><span class='ocrx_word' id='word_1_418' title='bbox 2103 4039 2304 4098; x_wconf 84' lang='lat' dir='ltr'><strong>turbae</strong></span> <span class='ocrx_word' id='word_1_419' title='bbox 2333 4036 2547 4097; x_wconf 88' lang='lat' dir='ltr'><strong>multae</strong></span> <span class='ocrx_word' id='word_1_420' title='bbox 2567 4067 2581 4084; x_wconf 93' lang='lat'><strong>·</strong></span> 
     </span>
     <span class='ocr_line' id='line_1_121' title="bbox 2105 4131 2681 4192; baseline -0.003 -2"><span class='ocrx_word' id='word_1_421' title='bbox 2105 4141 2163 4190; x_wconf 91' lang='lat' dir='ltr'><strong>et</strong></span> <span class='ocrx_word' id='word_1_422' title='bbox 2193 4131 2412 4190; x_wconf 89' lang='lat' dir='ltr'><strong>curauit</strong></span> <span class='ocrx_word' id='word_1_423' title='bbox 2439 4149 2542 4192; x_wconf 90' lang='lat' dir='ltr'><strong>eos</strong></span> <span class='ocrx_word' id='word_1_424' title='bbox 2569 4131 2646 4189; x_wconf 92' lang='lat' dir='ltr'><strong>ibi</strong></span> <span class='ocrx_word' id='word_1_425' title='bbox 2667 4161 2681 4177; x_wconf 91' lang='lat'><strong>·</strong></span> 
     </span>
     <span class='ocr_line' id='line_1_122' title="bbox 2100 4223 2710 4286; baseline 0.005 -3"><span class='ocrx_word' id='word_1_426' title='bbox 2100 4223 2122 4258; x_wconf 85' lang='lat'>⁸</span> <span class='ocrx_word' id='word_1_427' title='bbox 2139 4223 2220 4285; x_wconf 93' lang='lat' dir='ltr'><strong>Et</strong></span> <span class='ocrx_word' id='word_1_428' title='bbox 2244 4233 2612 4286; x_wconf 85' lang='lat' dir='ltr'><strong>accesserunt</strong></span> <span class='ocrx_word' id='word_1_429' title='bbox 2633 4224 2710 4286; x_wconf 86' lang='lat' dir='ltr'><strong>ad</strong></span> 
     </span>
    </p>

    <p class='ocr_par' dir='ltr' id='par_1_40' title="bbox 2651 4325 2728 4380">
     <span class='ocr_line' id='line_1_123' title="bbox 2651 4325 2728 4380; baseline 0 0"><span class='ocrx_word' id='word_1_430' title='bbox 2651 4325 2728 4380; x_wconf 82' lang='lat' dir='ltr'><strong>eii</strong></span> 
     </span>
    </p>
   </div>
   <div class='ocr_carea' id='block_1_17' title="bbox 3499 372 3582 442">
    <p class='ocr_par' dir='ltr' id='par_1_41' title="bbox 3499 372 3582 442">
     <span class='ocr_line' id='line_1_124' title="bbox 3499 372 3582 442; baseline 0 0"><span class='ocrx_word' id='word_1_431' title='bbox 3499 372 3582 442; x_wconf 83' lang='lat'><strong>25</strong></span> 
     </span>
    </p>
   </div>
   <div class='ocr_carea' id='block_1_18' title="bbox 2867 527 3510 2388">
    <p class='ocr_par' dir='ltr' id='par_1_42' title="bbox 2875 527 3422 875">
     <span class='ocr_line' id='line_1_125' title="bbox 2879 527 3422 593; baseline 0.011 -6"><span class='ocrx_word' id='word_1_432' title='bbox 2879 527 3132 589; x_wconf 76' lang='lat' dir='ltr'><strong>Farisaei</strong></span> <span class='ocrx_word' id='word_1_433' title='bbox 3161 540 3422 593; x_wconf 84' lang='lat' dir='ltr'><strong>taemtan</strong></span> 
     </span>
     <span class='ocr_line' id='line_1_126' title="bbox 2875 626 3411 686; baseline 0.011 -6"><span class='ocrx_word' id='word_1_434' title='bbox 2875 631 2964 681; x_wconf 89' lang='lat' dir='ltr'><strong>tes</strong></span> <span class='ocrx_word' id='word_1_435' title='bbox 2991 641 3127 683; x_wconf 91' lang='lat' dir='ltr'><strong>eum</strong></span> <span class='ocrx_word' id='word_1_436' title='bbox 3155 636 3213 685; x_wconf 91' lang='lat' dir='ltr'><strong>et</strong></span> <span class='ocrx_word' id='word_1_437' title='bbox 3241 626 3411 686; x_wconf 88' lang='lat' dir='ltr'><strong>dicen</strong></span> 
     </span>
     <span class='ocr_line' id='line_1_127' title="bbox 2877 718 3347 780; baseline 0.017 -7"><span class='ocrx_word' id='word_1_438' title='bbox 2877 724 2962 775; x_wconf 88' lang='lat' dir='ltr'><strong>tes</strong></span> <span class='ocrx_word' id='word_1_439' title='bbox 2991 718 3044 777; x_wconf 90' lang='lat' dir='ltr'><strong>ei</strong></span> <span class='ocrx_word' id='word_1_440' title='bbox 3064 749 3079 764; x_wconf 90' lang='lat'><strong>·</strong></span> <span class='ocrx_word' id='word_1_441' title='bbox 3124 718 3186 778; x_wconf 92' lang='lat' dir='ltr'><strong>Si</strong></span> <span class='ocrx_word' id='word_1_442' title='bbox 3211 720 3347 780; x_wconf 92' lang='lat' dir='ltr'><strong>licet</strong></span> 
     </span>
     <span class='ocr_line' id='line_1_128' title="bbox 2875 808 3348 875; baseline 0.017 -7"><span class='ocrx_word' id='word_1_443' title='bbox 2875 808 3098 870; x_wconf 90' lang='lat' dir='ltr'><strong>homini</strong></span> <span class='ocrx_word' id='word_1_444' title='bbox 3127 812 3348 875; x_wconf 85' lang='lat' dir='ltr'><strong>dimitte</strong></span> 
     </span>
    </p>

    <p class='ocr_par' dir='ltr' id='par_1_43' title="bbox 2871 921 3436 1264">
     <span class='ocr_line' id='line_1_129' title="bbox 2873 921 3436 969; baseline 0.014 -8"><span class='ocrx_word' id='word_1_445' title='bbox 2873 921 2936 963; x_wconf 87' lang='lat' dir='ltr'><strong>re</strong></span> <span class='ocrx_word' id='word_1_446' title='bbox 2963 923 3208 966; x_wconf 80' lang='lat' dir='ltr'><strong>uxorem</strong></span> <span class='ocrx_word' id='word_1_447' title='bbox 3235 926 3402 969; x_wconf 88' lang='lat' dir='ltr'><strong>suam</strong></span> <span class='ocrx_word' id='word_1_448' title='bbox 3420 941 3436 957; x_wconf 90' lang='lat'><strong>·</strong></span> 
     </span>
     <span class='ocr_line' id='line_1_130' title="bbox 2873 1016 3340 1077; baseline 0.011 -20"><span class='ocrx_word' id='word_1_449' title='bbox 2873 1016 3239 1077; x_wconf 90' lang='lat' dir='ltr'><strong>quacumque</strong></span> <span class='ocrx_word' id='word_1_450' title='bbox 3267 1021 3340 1061; x_wconf 83' lang='lat' dir='ltr'><strong>ex</strong></span> 
     </span>
     <span class='ocr_line' id='line_1_131' title="bbox 2873 1094 3388 1157; baseline 0.014 -7"><span class='ocrx_word' id='word_1_451' title='bbox 2873 1110 3049 1151; x_wconf 84' lang='lat' dir='ltr'><strong>causa</strong></span> <span class='ocrx_word' id='word_1_452' title='bbox 3072 1125 3086 1140; x_wconf 92' lang='lat'><strong>·</strong></span> <span class='ocrx_word' id='word_1_453' title='bbox 3149 1094 3173 1127; x_wconf 81' lang='lat'><strong>⁴</strong></span> <span class='ocrx_word' id='word_1_454' title='bbox 3191 1094 3270 1155; x_wconf 91' lang='lat' dir='ltr'><strong>At</strong></span> <span class='ocrx_word' id='word_1_455' title='bbox 3295 1096 3388 1157; x_wconf 90' lang='lat' dir='ltr'><strong>ille</strong></span> 
     </span>
     <span class='ocr_line' id='line_1_132' title="bbox 2871 1188 3338 1264; baseline 0.013 -21"><span class='ocrx_word' id='word_1_456' title='bbox 2871 1188 3232 1264; x_wconf 88' lang='lat' dir='ltr'><strong>respondens</strong></span> <span class='ocrx_word' id='word_1_457' title='bbox 3258 1191 3338 1249; x_wconf 87' lang='lat' dir='ltr'><strong>ait</strong></span> 
     </span>
    </p>

    <p class='ocr_par' dir='ltr' id='par_1_44' title="bbox 2867 1280 3510 2388">
     <span class='ocr_line' id='line_1_133' title="bbox 2870 1280 3427 1360; baseline 0.011 -23"><span class='ocrx_word' id='word_1_458' title='bbox 2870 1280 2956 1340; x_wconf 90' lang='lat' dir='ltr'><strong>eis</strong></span> <span class='ocrx_word' id='word_1_459' title='bbox 2975 1310 2989 1325; x_wconf 95' lang='lat'><strong>·</strong></span> <span class='ocrx_word' id='word_1_460' title='bbox 3032 1299 3154 1341; x_wconf 88' lang='lat' dir='ltr'><strong>non</strong></span> <span class='ocrx_word' id='word_1_461' title='bbox 3181 1281 3393 1360; x_wconf 87' lang='lat' dir='ltr'><strong>legistis</strong></span> <span class='ocrx_word' id='word_1_462' title='bbox 3412 1313 3427 1330; x_wconf 93' lang='lat'><strong>·</strong></span> 
     </span>
     <span class='ocr_line' id='line_1_134' title="bbox 2870 1374 3449 1453; baseline 0.009 -21"><span class='ocrx_word' id='word_1_463' title='bbox 2870 1374 3006 1450; x_wconf 87' lang='lat' dir='ltr'><strong>quia</strong></span> <span class='ocrx_word' id='word_1_464' title='bbox 3034 1376 3132 1453; x_wconf 89' lang='lat' dir='ltr'><strong>qui</strong></span> <span class='ocrx_word' id='word_1_465' title='bbox 3159 1375 3293 1436; x_wconf 83' lang='lat' dir='ltr'><strong>fecit</strong></span> <span class='ocrx_word' id='word_1_466' title='bbox 3320 1378 3396 1437; x_wconf 88' lang='lat' dir='ltr'><strong>ab</strong></span> <span class='ocrx_word' id='word_1_467' title='bbox 3428 1379 3449 1437; x_wconf 90' lang='lat' dir='ltr'><strong>i</strong></span> 
     </span>
     <span class='ocr_line' id='line_1_135' title="bbox 2873 1468 3409 1531; baseline 0.011 -6"><span class='ocrx_word' id='word_1_468' title='bbox 2873 1468 3014 1528; x_wconf 89' lang='lat' dir='ltr'><strong>nitio</strong></span> <span class='ocrx_word' id='word_1_469' title='bbox 3082 1470 3409 1531; x_wconf 88' lang='lat' dir='ltr'><strong>masculum</strong></span> 
     </span>
     <span class='ocr_line' id='line_1_136' title="bbox 2869 1560 3389 1623; baseline 0.006 -3"><span class='ocrx_word' id='word_1_470' title='bbox 2869 1570 2928 1620; x_wconf 89' lang='lat' dir='ltr'><strong>et</strong></span> <span class='ocrx_word' id='word_1_471' title='bbox 2949 1560 3226 1622; x_wconf 85' lang='lat' dir='ltr'><strong>seminam</strong></span> <span class='ocrx_word' id='word_1_472' title='bbox 3253 1563 3389 1623; x_wconf 88' lang='lat' dir='ltr'><strong>fecit</strong></span> 
     </span>
     <span class='ocr_line' id='line_1_137' title="bbox 2871 1655 3496 1736; baseline 0.005 -23"><span class='ocrx_word' id='word_1_473' title='bbox 2871 1674 2975 1714; x_wconf 90' lang='lat' dir='ltr'><strong>eos</strong></span> <span class='ocrx_word' id='word_1_474' title='bbox 3008 1655 3105 1715; x_wconf 74' lang='lat' dir='ltr'><strong>⁶et</strong></span> <span class='ocrx_word' id='word_1_475' title='bbox 3133 1656 3278 1716; x_wconf 85' lang='lat' dir='ltr'><strong>dixit</strong></span> <span class='ocrx_word' id='word_1_476' title='bbox 3297 1688 3312 1703; x_wconf 91' lang='lat'><strong>·</strong></span> <span class='ocrx_word' id='word_1_477' title='bbox 3354 1668 3496 1736; x_wconf 66' lang='lat' dir='ltr'><strong>prop</strong></span> 
     </span>
     <span class='ocr_line' id='line_1_138' title="bbox 2871 1748 3374 1811; baseline 0.006 -3"><span class='ocrx_word' id='word_1_478' title='bbox 2871 1758 2956 1808; x_wconf 91' lang='lat' dir='ltr'><strong>ter</strong></span> <span class='ocrx_word' id='word_1_479' title='bbox 2985 1749 3098 1809; x_wconf 91' lang='lat' dir='ltr'><strong>hoc</strong></span> <span class='ocrx_word' id='word_1_480' title='bbox 3129 1748 3374 1811; x_wconf 88' lang='lat' dir='ltr'><strong>dimittet</strong></span> 
     </span>
     <span class='ocr_line' id='line_1_139' title="bbox 2869 1842 3391 1919; baseline 0.006 -18"><span class='ocrx_word' id='word_1_481' title='bbox 2869 1842 3051 1902; x_wconf 89' lang='lat' dir='ltr'><strong>homo</strong></span> <span class='ocrx_word' id='word_1_482' title='bbox 3076 1852 3299 1919; x_wconf 90' lang='lat' dir='ltr'><strong>patrem</strong></span> <span class='ocrx_word' id='word_1_483' title='bbox 3333 1854 3391 1904; x_wconf 91' lang='lat' dir='ltr'><strong>et</strong></span> 
     </span>
     <span class='ocr_line' id='line_1_140' title="bbox 2871 1936 3362 1997; baseline 0.002 -2"><span class='ocrx_word' id='word_1_484' title='bbox 2871 1945 3118 1996; x_wconf 87' lang='lat' dir='ltr'><strong>matrem</strong></span> <span class='ocrx_word' id='word_1_485' title='bbox 3142 1966 3156 1982; x_wconf 92' lang='lat'><strong>·</strong></span> <span class='ocrx_word' id='word_1_486' title='bbox 3199 1946 3257 1996; x_wconf 91' lang='lat' dir='ltr'><strong>et</strong></span> <span class='ocrx_word' id='word_1_487' title='bbox 3284 1936 3362 1997; x_wconf 91' lang='lat' dir='ltr'><strong>ad</strong></span> 
     </span>
     <span class='ocr_line' id='line_1_141' title="bbox 2869 2016 3329 2107; baseline 0.002 -19"><span class='ocrx_word' id='word_1_488' title='bbox 2869 2016 3138 2107; x_wconf 85' lang='lat' dir='ltr'><strong>iung&#39;etur</strong></span> <span class='ocrx_word' id='word_1_489' title='bbox 3163 2032 3329 2091; x_wconf 81' lang='lat' dir='ltr'><strong>uxori</strong></span> 
     </span>
     <span class='ocr_line' id='line_1_142' title="bbox 2871 2124 3488 2187; baseline 0.005 -5"><span class='ocrx_word' id='word_1_490' title='bbox 2871 2140 3012 2183; x_wconf 87' lang='lat' dir='ltr'><strong>suae</strong></span> <span class='ocrx_word' id='word_1_491' title='bbox 3032 2155 3047 2171; x_wconf 93' lang='lat'><strong>·</strong></span> <span class='ocrx_word' id='word_1_492' title='bbox 3090 2133 3149 2183; x_wconf 92' lang='lat' dir='ltr'><strong>et</strong></span> <span class='ocrx_word' id='word_1_493' title='bbox 3175 2134 3346 2187; x_wconf 90' lang='lat' dir='ltr'><strong>erunt</strong></span> <span class='ocrx_word' id='word_1_494' title='bbox 3373 2124 3488 2185; x_wconf 87' lang='lat' dir='ltr'><strong>due</strong></span> 
     </span>
     <span class='ocr_line' id='line_1_143' title="bbox 2868 2216 3510 2280; baseline 0.008 -5"><span class='ocrx_word' id='word_1_495' title='bbox 2868 2216 2932 2275; x_wconf 87' lang='lat' dir='ltr'><strong>in</strong></span> <span class='ocrx_word' id='word_1_496' title='bbox 2959 2236 3133 2278; x_wconf 87' lang='lat' dir='ltr'><strong>carne</strong></span> <span class='ocrx_word' id='word_1_497' title='bbox 3161 2236 3281 2277; x_wconf 89' lang='lat' dir='ltr'><strong>una</strong></span> <span class='ocrx_word' id='word_1_498' title='bbox 3300 2249 3315 2266; x_wconf 93' lang='lat'><strong>·</strong></span> <span class='ocrx_word' id='word_1_499' title='bbox 3378 2220 3401 2254; x_wconf 58' lang='grc' dir='ltr'><strong>θ</strong></span> <span class='ocrx_word' id='word_1_500' title='bbox 3419 2220 3510 2280; x_wconf 90' lang='lat' dir='ltr'><strong>Ita</strong></span> 
     </span>
     <span class='ocr_line' id='line_1_144' title="bbox 2867 2311 3435 2388; baseline 0.011 -21"><span class='ocrx_word' id='word_1_501' title='bbox 2867 2327 2980 2388; x_wconf 90' lang='lat' dir='ltr'><strong>que</strong></span> <span class='ocrx_word' id='word_1_502' title='bbox 3006 2311 3124 2370; x_wconf 87' lang='lat' dir='ltr'><strong>iam</strong></span> <span class='ocrx_word' id='word_1_503' title='bbox 3150 2330 3272 2372; x_wconf 90' lang='lat' dir='ltr'><strong>non</strong></span> <span class='ocrx_word' id='word_1_504' title='bbox 3300 2323 3435 2373; x_wconf 87' lang='lat' dir='ltr'><strong>sunt</strong></span> 
     </span>
    </p>
   </div>
   <div class='ocr_carea' id='block_1_19' title="bbox 2855 2439 3504 4289">
    <p class='ocr_par' dir='ltr' id='par_1_45' title="bbox 2864 2439 3469 2972">
     <span class='ocr_line' id='line_1_145' title="bbox 2866 2439 3469 2503; baseline 0.007 -4"><span class='ocrx_word' id='word_1_505' title='bbox 2866 2440 2986 2501; x_wconf 92' lang='lat' dir='ltr'><strong>duo</strong></span> <span class='ocrx_word' id='word_1_506' title='bbox 3013 2439 3119 2501; x_wconf 93' lang='lat' dir='ltr'><strong>sed</strong></span> <span class='ocrx_word' id='word_1_507' title='bbox 3151 2460 3286 2503; x_wconf 90' lang='lat' dir='ltr'><strong>caro</strong></span> <span class='ocrx_word' id='word_1_508' title='bbox 3312 2460 3432 2503; x_wconf 87' lang='lat' dir='ltr'><strong>una</strong></span> <span class='ocrx_word' id='word_1_509' title='bbox 3453 2475 3469 2491; x_wconf 91' lang='lat'><strong>·</strong></span> 
     </span>
     <span class='ocr_line' id='line_1_146' title="bbox 2868 2534 3466 2614; baseline 0.007 -20"><span class='ocrx_word' id='word_1_510' title='bbox 2868 2534 3050 2607; x_wconf 89' lang='lat' dir='ltr'><strong>Quod</strong></span> <span class='ocrx_word' id='word_1_511' title='bbox 3077 2555 3218 2614; x_wconf 89' lang='lat' dir='ltr'><strong>ergo</strong></span> <span class='ocrx_word' id='word_1_512' title='bbox 3248 2537 3316 2597; x_wconf 85' lang='lat' dir='ltr'><strong>d&#39;s&#39;</strong></span> <span class='ocrx_word' id='word_1_513' title='bbox 3347 2556 3466 2598; x_wconf 84' lang='lat' dir='ltr'><strong>con</strong></span> 
     </span>
     <span class='ocr_line' id='line_1_147' title="bbox 2865 2629 3402 2692; baseline 0.006 -5"><span class='ocrx_word' id='word_1_514' title='bbox 2865 2629 3051 2688; x_wconf 84' lang='lat' dir='ltr'><strong>iunxit</strong></span> <span class='ocrx_word' id='word_1_515' title='bbox 3071 2630 3254 2690; x_wconf 91' lang='lat' dir='ltr'><strong>homo</strong></span> <span class='ocrx_word' id='word_1_516' title='bbox 3279 2649 3402 2692; x_wconf 89' lang='lat' dir='ltr'><strong>non</strong></span> 
     </span>
     <span class='ocr_line' id='line_1_148' title="bbox 2867 2723 3431 2800; baseline 0.004 -18"><span class='ocrx_word' id='word_1_517' title='bbox 2867 2734 3127 2800; x_wconf 90' lang='lat' dir='ltr'><strong>separet·</strong></span> <span class='ocrx_word' id='word_1_518' title='bbox 3171 2723 3431 2784; x_wconf 82' lang='lat' dir='ltr'><strong>‘&#39;Dicunt</strong></span> 
     </span>
     <span class='ocr_line' id='line_1_149' title="bbox 2864 2815 3452 2896; baseline 0.005 -20"><span class='ocrx_word' id='word_1_519' title='bbox 2864 2815 2946 2876; x_wconf 91' lang='lat' dir='ltr'><strong>illi</strong></span> <span class='ocrx_word' id='word_1_520' title='bbox 2972 2817 3111 2894; x_wconf 90' lang='lat' dir='ltr'><strong>quid</strong></span> <span class='ocrx_word' id='word_1_521' title='bbox 3139 2836 3283 2895; x_wconf 89' lang='lat' dir='ltr'><strong>ergo</strong></span> <span class='ocrx_word' id='word_1_522' title='bbox 3311 2836 3452 2896; x_wconf 85' lang='lat' dir='ltr'><strong>moy</strong></span> 
     </span>
     <span class='ocr_line' id='line_1_150' title="bbox 2865 2911 3292 2972; baseline 0.002 -2"><span class='ocrx_word' id='word_1_523' title='bbox 2865 2928 2959 2970; x_wconf 89' lang='lat' dir='ltr'><strong>ses</strong></span> <span class='ocrx_word' id='word_1_524' title='bbox 2987 2911 3292 2972; x_wconf 87' lang='lat' dir='ltr'><strong>mandauit</strong></span> 
     </span>
    </p>

    <p class='ocr_par' dir='ltr' id='par_1_46' title="bbox 2861 3004 3353 3176">
     <span class='ocr_line' id='line_1_151' title="bbox 2863 3004 3322 3065; baseline 0 0"><span class='ocrx_word' id='word_1_525' title='bbox 2863 3004 3000 3065; x_wconf 89' lang='lat' dir='ltr'><strong>dare</strong></span> <span class='ocrx_word' id='word_1_526' title='bbox 3021 3005 3231 3064; x_wconf 90' lang='lat' dir='ltr'><strong>librum</strong></span> <span class='ocrx_word' id='word_1_527' title='bbox 3259 3023 3322 3065; x_wconf 91' lang='lat' dir='ltr'><strong>re</strong></span> 
     </span>
     <span class='ocr_line' id='line_1_152' title="bbox 2861 3099 3353 3176; baseline 0.002 -18"><span class='ocrx_word' id='word_1_528' title='bbox 2861 3100 3021 3176; x_wconf 89' lang='lat' dir='ltr'><strong>pudii</strong></span> <span class='ocrx_word' id='word_1_529' title='bbox 3048 3109 3106 3158; x_wconf 91' lang='lat' dir='ltr'><strong>et</strong></span> <span class='ocrx_word' id='word_1_530' title='bbox 3132 3099 3353 3159; x_wconf 87' lang='lat' dir='ltr'><strong>dimitte</strong></span> 
     </span>
    </p>

    <p class='ocr_par' dir='ltr' id='par_1_47' title="bbox 2855 3192 3504 4289">
     <span class='ocr_line' id='line_1_153' title="bbox 2860 3192 3432 3253; baseline -0.002 0"><span class='ocrx_word' id='word_1_531' title='bbox 2860 3211 2924 3253; x_wconf 89' lang='lat' dir='ltr'><strong>re</strong></span> <span class='ocrx_word' id='word_1_532' title='bbox 2952 3211 3085 3252; x_wconf 89' lang='lat' dir='ltr'><strong>eam</strong></span> <span class='ocrx_word' id='word_1_533' title='bbox 3104 3223 3118 3239; x_wconf 92' lang='lat'><strong>·</strong></span> <span class='ocrx_word' id='word_1_534' title='bbox 3177 3193 3296 3252; x_wconf 69' lang='lat' dir='ltr'><strong>‘ait</strong></span> <span class='ocrx_word' id='word_1_535' title='bbox 3321 3192 3432 3252; x_wconf 88' lang='lat' dir='ltr'><strong>illis</strong></span> 
     </span>
     <span class='ocr_line' id='line_1_154' title="bbox 2858 3293 3431 3365; baseline -0.002 -19"><span class='ocrx_word' id='word_1_536' title='bbox 2858 3293 3004 3363; x_wconf 82' lang='lat' dir='ltr'><strong>qiim</strong></span> <span class='ocrx_word' id='word_1_537' title='bbox 3031 3305 3266 3365; x_wconf 84' lang='lat' dir='ltr'><strong>moyses</strong></span> <span class='ocrx_word' id='word_1_538' title='bbox 3291 3297 3431 3365; x_wconf 76' lang='lat' dir='ltr'><strong>prop</strong></span> 
     </span>
     <span class='ocr_line' id='line_1_155' title="bbox 2861 3381 3372 3442; baseline 0 -2"><span class='ocrx_word' id='word_1_539' title='bbox 2861 3391 2946 3440; x_wconf 88' lang='lat' dir='ltr'><strong>ter</strong></span> <span class='ocrx_word' id='word_1_540' title='bbox 2975 3381 3241 3442; x_wconf 87' lang='lat' dir='ltr'><strong>duritiam</strong></span> <span class='ocrx_word' id='word_1_541' title='bbox 3268 3401 3372 3442; x_wconf 91' lang='lat' dir='ltr'><strong>cor</strong></span> 
     </span>
     <span class='ocr_line' id='line_1_156' title="bbox 2860 3476 3336 3552; baseline -0.002 -17"><span class='ocrx_word' id='word_1_542' title='bbox 2860 3476 2952 3535; x_wconf 90' lang='lat' dir='ltr'><strong>dis</strong></span> <span class='ocrx_word' id='word_1_543' title='bbox 2978 3477 3154 3535; x_wconf 90' lang='lat' dir='ltr'><strong>uestri</strong></span> <span class='ocrx_word' id='word_1_544' title='bbox 3173 3506 3187 3521; x_wconf 92' lang='lat'><strong>·</strong></span> <span class='ocrx_word' id='word_1_545' title='bbox 3231 3495 3336 3552; x_wconf 90' lang='lat' dir='ltr'><strong>per</strong></span> 
     </span>
     <span class='ocr_line' id='line_1_157' title="bbox 2857 3569 3404 3630; baseline 0.004 -2"><span class='ocrx_word' id='word_1_546' title='bbox 2857 3569 3014 3629; x_wconf 89' lang='lat' dir='ltr'><strong>misit</strong></span> <span class='ocrx_word' id='word_1_547' title='bbox 3040 3571 3210 3630; x_wconf 91' lang='lat' dir='ltr'><strong>uobis</strong></span> <span class='ocrx_word' id='word_1_548' title='bbox 3237 3570 3404 3630; x_wconf 89' lang='lat' dir='ltr'><strong>dimit</strong></span> 
     </span>
     <span class='ocr_line' id='line_1_158' title="bbox 2857 3671 3346 3723; baseline 0.004 -2"><span class='ocrx_word' id='word_1_549' title='bbox 2857 3671 2976 3722; x_wconf 89' lang='lat' dir='ltr'><strong>tere</strong></span> <span class='ocrx_word' id='word_1_550' title='bbox 3002 3681 3213 3723; x_wconf 85' lang='lat' dir='ltr'><strong>uxores</strong></span> <span class='ocrx_word' id='word_1_551' title='bbox 3241 3682 3346 3723; x_wconf 88' lang='lat' dir='ltr'><strong>ues</strong></span> 
     </span>
     <span class='ocr_line' id='line_1_159' title="bbox 2857 3759 3339 3818; baseline 0.004 -2"><span class='ocrx_word' id='word_1_552' title='bbox 2857 3767 2974 3816; x_wconf 85' lang='lat' dir='ltr'><strong>tras</strong></span> <span class='ocrx_word' id='word_1_553' title='bbox 2993 3789 3008 3804; x_wconf 91' lang='lat'><strong>·</strong></span> <span class='ocrx_word' id='word_1_554' title='bbox 3051 3759 3148 3816; x_wconf 87' lang='lat' dir='ltr'><strong>Ab</strong></span> <span class='ocrx_word' id='word_1_555' title='bbox 3175 3759 3339 3818; x_wconf 91' lang='lat' dir='ltr'><strong>initio</strong></span> 
     </span>
     <span class='ocr_line' id='line_1_160' title="bbox 2855 3851 3504 3912; baseline 0.002 -1"><span class='ocrx_word' id='word_1_556' title='bbox 2855 3861 3052 3911; x_wconf 89' lang='lat' dir='ltr'><strong>autem</strong></span> <span class='ocrx_word' id='word_1_557' title='bbox 3081 3869 3204 3910; x_wconf 86' lang='lat' dir='ltr'><strong>non</strong></span> <span class='ocrx_word' id='word_1_558' title='bbox 3231 3851 3334 3911; x_wconf 90' lang='lat' dir='ltr'><strong>fuit</strong></span> <span class='ocrx_word' id='word_1_559' title='bbox 3361 3853 3442 3912; x_wconf 88' lang='lat' dir='ltr'><strong>sic</strong></span> <span class='ocrx_word' id='word_1_560' title='bbox 3460 3883 3504 3897; x_wconf 96' lang='lat'>-</span> 
     </span>
     <span class='ocr_line' id='line_1_161' title="bbox 2858 3945 3467 4007; baseline 0.005 -3"><span class='ocrx_word' id='word_1_561' title='bbox 2858 3946 2882 3980; x_wconf 79' lang='lat'><strong>⁹</strong></span> <span class='ocrx_word' id='word_1_562' title='bbox 2896 3945 3048 4006; x_wconf 91' lang='lat' dir='ltr'><strong>Dico</strong></span> <span class='ocrx_word' id='word_1_563' title='bbox 3077 3956 3272 4005; x_wconf 87' lang='lat' dir='ltr'><strong>autem</strong></span> <span class='ocrx_word' id='word_1_564' title='bbox 3299 3947 3467 4007; x_wconf 89' lang='lat' dir='ltr'><strong>uobis</strong></span> 
     </span>
     <span class='ocr_line' id='line_1_162' title="bbox 2855 4040 3440 4119; baseline 0.005 -21"><span class='ocrx_word' id='word_1_565' title='bbox 2855 4045 2999 4119; x_wconf 79' lang='lat' dir='ltr'><strong>qiim</strong></span> <span class='ocrx_word' id='word_1_566' title='bbox 3025 4040 3264 4116; x_wconf 89' lang='lat' dir='ltr'><strong>quicum</strong></span> <span class='ocrx_word' id='word_1_567' title='bbox 3284 4041 3440 4101; x_wconf 68' lang='grc' dir='ltr'>ὲὶίὲῖι-</span> 
     </span>
     <span class='ocr_line' id='line_1_163' title="bbox 2856 4134 3381 4212; baseline 0 -18"><span class='ocrx_word' id='word_1_568' title='bbox 2856 4152 2970 4212; x_wconf 87' lang='lat' dir='ltr'><strong>que</strong></span> <span class='ocrx_word' id='word_1_569' title='bbox 2999 4134 3275 4195; x_wconf 88' lang='lat' dir='ltr'><strong>dimiserit</strong></span> <span class='ocrx_word' id='word_1_570' title='bbox 3301 4153 3381 4194; x_wconf 85' lang='lat' dir='ltr'><strong>ux</strong></span> 
     </span>
     <span class='ocr_line' id='line_1_164' title="bbox 2856 4227 3404 4289; baseline 0 -1"><span class='ocrx_word' id='word_1_571' title='bbox 2856 4246 3019 4288; x_wconf 89' lang='lat' dir='ltr'><strong>orem</strong></span> <span class='ocrx_word' id='word_1_572' title='bbox 3046 4247 3214 4288; x_wconf 85' lang='lat' dir='ltr'><strong>suam</strong></span> <span class='ocrx_word' id='word_1_573' title='bbox 3236 4259 3250 4276; x_wconf 90' lang='lat'><strong>·</strong></span> <span class='ocrx_word' id='word_1_574' title='bbox 3293 4227 3404 4289; x_wconf 85' lang='lat' dir='ltr'><strong>nisi</strong></span> 
     </span>
    </p>
   </div>
   <div class='ocr_carea' id='block_1_20' title="bbox 3600 548 3838 602">
    <p class='ocr_par' dir='ltr' id='par_1_48' title="bbox 3600 548 3838 602">
     <span class='ocr_line' id='line_1_165' title="bbox 3600 548 3838 602; baseline 0.013 -4"><span class='ocrx_word' id='word_1_575' title='bbox 3600 548 3725 602; x_wconf 68' lang='lat'><strong>1¹01.</strong></span> <span class='ocrx_word' id='word_1_576' title='bbox 3741 550 3838 601; x_wconf 68' lang='lat'><strong>49.</strong></span> 
     </span>
    </p>
   </div>
  </div>
 </body>
</html>
