4373 5048
956 394 1078 447 142
1835 370 2295 433 EDITORIS
2330 372 2788 435 NOTULAE.

945 541 992 595 F
997 540 1068 594 ol.
1094 540 1180 593 44.
1233 539 1316 593 17.
1347 552 1392 594 1.
1430 548 1632 595 ·atrem
1651 540 1772 597 eius
1795 558 1833 595 a
1856 558 1931 595 m.
1938 543 2004 611 p.
2029 542 2096 595 in
2110 557 2323 595 rasura
2342 558 2451 596 scr.
2470 546 2553 595 est
2574 557 2721 611 quae
2731 542 2910 612 prius
2927 542 3152 597 litteras
3163 546 3460 615 purpureo
3476 543 3657 601 colore

1086 624 1329 693 smptus
1350 624 1722 677 continuerat.
1796 638 1846 678 2.
1883 634 2032 680 trns-
2057 641 2130 677 m.
2145 627 2231 694 p„
2258 641 2293 678 a
2314 628 2590 695 supet-scr.
2616 642 2689 679 m.
2702 628 2769 695 p.

947 719 1066 774 Fol.
1093 719 1163 772 44
1186 720 1244 773 b.
1297 733 1379 774 10.
1416 729 1596 789 oprtet
1622 736 1695 773 m.
1708 723 1793 790 p„
1819 737 1856 775 o
1878 723 2155 790 superscr.
2179 736 2323 776 corr.
2349 738 2423 776 m.
2437 724 2503 791 p.

945 816 992 870 F
997 816 1069 869 ol.
1094 815 1181 870 45.
1225 828 1304 880 14.
1340 815 1398 869 A
1404 819 1498 869 nte
1531 815 1608 869 Et
1630 816 1882 885 ponitur
1903 816 1937 872 ·Ι·
1961 832 2140 869 manu
2177 830 2242 873 2:
2280 818 2518 870 initium
2556 820 2624 870 ut
2658 815 2839 870 udtur
2870 815 3142 871 lectionar.
3216 816 3423 873 acessit
3461 834 3535 871 m.
3564 821 3650 889 p„

1086 914 1119 952 c
1153 901 1426 968 superscr.
1452 914 1594 954 corr.
1620 916 1694 953 m.
1707 902 1773 969 p.
1851 901 1932 955 16.
1968 909 2230 970 ptuerunt
2254 917 2327 953 m.
2341 903 2424 970 p„
2450 917 2485 954 ο
2508 903 2780 971 superscr.
2805 916 2949 955 corr.
2974 918 3049 954 m.
3064 904 3129 971 p.
3210 902 3291 957 18.
3328 917 3361 956 e
3382 902 3451 955 in
3472 911 3560 956 est
3584 918 3659 955 ex

1085 990 1108 1036 t
1131 982 1379 1036 correxit
1398 997 1472 1036 m.
1485 983 1553 1052 p.

944 1079 991 1133 F
996 1078 1068 1132 ol.
1092 1076 1181 1132 46.
1231 1091 1317 1145 24.
1355 1078 1678 1148 didragmas
1702 1094 1776 1133 m.
1789 1081 1873 1149 p„
1895 1096 1923 1133 s
1946 1078 2126 1134 erm-it
2145 1094 2289 1133 corr.
2362 1096 2439 1133 nn
2464 1095 2539 1133 m.
2551 1082 2634 1149 p„
2660 1095 2697 1132 o
2718 1082 2992 1149 superscr.
3011 1096 3157 1135 corr.
3176 1096 3251 1133 m.
3264 1083 3330 1149 p.
3392 1091 3479 1150 25.
3506 1080 3652 1135 simu

1087 1178 1161 1216 m.
1173 1163 1259 1232 p„
1284 1178 1319 1216 ο
1343 1165 1616 1233 superscr.
1641 1178 1787 1216 corr.
1811 1179 1886 1215 m.
1900 1165 1968 1232 p.

944 1258 991 1312 F
995 1258 1068 1313 01.
1092 1258 1163 1312 47
1186 1257 1242 1313 b.
1295 1256 1378 1312 18.
1407 1270 1490 1328 15.
1526 1257 1808 1328 pccauerit
1833 1275 1905 1311 m.
1919 1259 2003 1328 p„
2028 1274 2062 1313 e
2083 1261 2358 1329 superscr.
2377 1274 2521 1314 corr.
2540 1274 2615 1312 m.
2626 1262 2693 1329 p.
2788 1259 2870 1313 16.
2908 1258 3111 1314 audirit
3128 1276 3203 1313 m.
3215 1262 3299 1330 p„
3319 1275 3353 1314 e
3377 1262 3653 1330 supet-scr.

1084 1357 1229 1396 corr.
1255 1358 1329 1395 m.
1395 1381 1410 1395 .

943 1439 990 1492 F
993 1438 1064 1493 ol.
1088 1436 1176 1491 48.
1225 1452 1310 1506 23.
1342 1343 1505 1492 Ζῆτα
1529 1439 1667 1493 Ideo
1690 1438 1756 1492 in
1779 1438 2041 1509 margine
2061 1436 2378 1507 adponitur
2397 1437 2431 1493 †
2455 1453 2633 1491 manu
2659 1451 2689 1491 2
2714 1454 2727 1494 ε
2766 1437 3003 1491 initium
3028 1436 3281 1493 lectionis
3298 1436 3393 1507 (Σ).

941 1535 990 1589 F
992 1535 1062 1589 ol.
1103 1534 1173 1588 48
1208 1535 1262 1589 b.
1313 1534 1399 1591 26.
1435 1535 1674 1589 adorabt
1709 1550 1784 1587 m.
1808 1537 1891 1604 p„
1936 1550 1972 1591 a
2007 1536 2282 1604 superscr.
2316 1550 2459 1589 corr.
2504 1550 2579 1587 m.
2603 1536 2670 1604 p.
2776 1547 2862 1602 31.
2899 1534 3170 1590 contrista
3208 1545 3338 1591 sunt
3380 1552 3455 1589 m.
3478 1538 3562 1606 μ,
3609 1535 3650 1591 ti

1078 1620 1357 1689 superscr.
1381 1634 1524 1672 corr.
1549 1634 1623 1672 m.
1638 1620 1705 1687 p.

940 1715 989 1769 F
991 1715 1062 1771 ol.
1087 1714 1175 1768 49.
1224 1729 1310 1783 31.
1345 1723 1704 1769 enrrauerunt
1742 1730 1816 1767 m.
1840 1715 1925 1783 p„
1965 1730 2001 1767 a
2041 1715 2316 1782 superscr.
2356 1729 2499 1767 corr.
2538 1729 2613 1767 m.
2643 1716 2711 1783 p.
2784 1728 2869 1783 34.
2913 1714 3289 1784 quoadusque
3336 1730 3410 1767 ex
3450 1730 3650 1784 -asque

1081 1798 1330 1852 correxit
1351 1814 1424 1851 m.
1438 1800 1505 1867 p.
1579 1797 1663 1851 19.
1695 1812 1740 1851 1.
1777 1806 1898 1851 trns
1923 1814 1998 1850 m.
2009 1799 2092 1866 μ,
2121 1813 2158 1851 a
2178 1799 2454 1867 superscr.
2478 1813 2623 1852 corr.
2650 1814 2724 1852 m.
2737 1800 2803 1867 p.

941 1895 988 1948 F
991 1893 1061 1949 ol.
1087 1893 1160 1947 49
1181 1894 1237 1947 b.
1289 1907 1339 1961 3.
1375 1900 1695 1948 taemtantes
1719 1909 1792 1945 m.
1806 1895 1890 1962 p„
1915 1902 2217 1948 temtantes
2241 1899 2531 1947 corrector.

1086 1988 1134 2045 5.
1171 1985 1361 2046 prpter
1382 1992 1456 2029 m.
1469 1979 1554 2046 p„
1579 1992 1614 2030 o
1637 1980 1911 2047 superscr.
1933 1992 2076 2030 corr.
2103 1994 2178 2029 m.
2192 1980 2275 2047 p„
2299 1980 2356 2030 et
2376 1978 2440 2030 in
2464 1992 2523 2031 v.
2549 1975 2600 2030 8.

1081 2072 1134 2127 9.
1170 2058 1632 2130 quicumcumque
1655 2077 1730 2113 m.
1742 2062 1827 2129 p„
1839 2059 2198 2129 perlz'neauit
2218 2065 2277 2113 et
2295 2060 2579 2130 expunn't
2602 2074 2731 2113 cum
2755 2075 2899 2113 corr.
2927 2075 3002 2114 m.
3017 2061 3085 2130 p.

942 2155 1063 2209 Fol.
1089 2156 1175 2209 50.
1230 2169 1310 2208 10.
1345 2171 1475 2209 cum
1499 2171 1596 2209 ore
1619 2172 1694 2209 m.
1706 2158 1790 2225 μ,
1816 2172 1890 2209 ux
1912 2158 2189 2225 superscr.
2213 2172 2357 2209 corr.
2384 2172 2458 2210 m.
2472 2157 2539 2226 p.

942 2251 1065 2306 Fol.
1090 2250 1232 2305 50b.
1277 2251 1356 2305 16.
1391 2250 1549 2305 Ante
1571 2251 1648 2306 Et
1673 2252 1948 2321 serapium
1971 2256 2057 2304 est
2086 2251 2120 2307 †
2153 2267 2332 2305 manu
2361 2265 2391 2304 2
2417 2268 2432 2319 ;
2465 2251 2721 2318 initium,
2746 2257 2815 2305 ut
2835 2250 3030 2318 udtur,
3056 2249 3323 2305 lectiomk.
3350 2266 3451 2305 ece
3476 2266 3550 2303 m.
3563 2253 3649 2320 p„

1083 2352 1116 2389 c
1149 2338 1424 2405 superscr.
1459 2350 1604 2390 corr.
1634 2337 1782 2404 nup.
1855 2350 1998 2389 unus
2036 2350 2170 2390 acce
2206 2350 2351 2389 unus
2388 2351 2462 2389 m.
2476 2336 2562 2405 p„
2586 2334 2853 2399 incuria,·
2898 2335 3181 2404 emunxit
3212 2340 3269 2388 et
3288 2333 3651 2404 perlineauit

1084 2434 1220 2473 acce
1244 2434 1386 2472 unus
1411 2433 1558 2472 corr.
1582 2434 1656 2471 m.
1670 2421 1733 2488 p.

945 2513 1070 2570 Fol.
1095 2513 1183 2570 51.
1220 2524 1307 2583 25.
1333 2531 1362 2568 s
1368 2513 1581 2585 finalis
1603 2514 1669 2568 in
1693 2511 1984 2584 discipulis
2008 2530 2175 2568 erasa
2198 2518 2299 2568 est.

941 2610 1064 2666 Fol.
1089 2610 1153 2665 51
1195 2611 1250 2664 b.
1277 2624 1362 2679 29.
1387 2627 1542 2665 urem
1570 2627 1645 2663 m.
1648 2613 1733 2680 p„
1749 2627 1821 2665 xo
1843 2613 2116 2680 superscr.
2142 2626 2288 2664 corr.
2308 2626 2385 2664 m.
2390 2612 2458 2679 p.
2531 2609 2619 2666 20.
2645 2623 2679 2664 2
2714 2608 2917 2664 diurnu
2954 2625 3029 2663 m.
3035 2611 3102 2680 p.
3138 2609 3369 2664 incuria
3388 2609 3648 2680 forsan,-

1079 2694 1146 2748 in
1171 2692 1370 2749 diurno
1394 2695 1643 2748 correxit
1661 2693 1853 2748 eadem
1877 2710 2097 2747 manus.

940 2789 1062 2844 Fol.
1089 2790 1176 2844 52.
1218 2803 1300 2845 10.
1327 2788 1547 2859 singulo
1571 2787 1834 2844 denarios
1860 2805 1934 2843 m.
1948 2792 2032 2859 p„
2060 2806 2088 2844 s
2112 2791 2390 2860 superscr.
2414 2805 2557 2844 corr.
2588 2805 2663 2842 m.
2677 2790 2744 2859 p.

938 2887 1063 2942 Fol.
1088 2886 1159 2941 52
1176 2887 1231 2941 b.
1275 2900 1357 2941 12.
1394 2885 1580 2956 pndus
1607 2903 1681 2941 m.
1694 2888 1780 2956 p„
1817 2900 1853 2940 o
1894 2887 2172 2955 superscr.
2214 2901 2361 2940 corr.
2400 2902 2475 2938 m.
2487 2887 2555 2955 p.
2634 2899 2714 2952 14.
2745 2884 2905 2938 Ante
2939 2882 3070 2939 huic
3104 2889 3190 2938 est
3223 2899 3433 2937 rasura
3472 2885 3649 2938 unius

1082 2969 1322 3024 litterae.
1400 2980 1480 3036 17.
1507 2985 1760 3024 seorsum
1795 2985 1870 3023 ex
1901 2985 2053 3037 ευοε,
2067 2971 2369 3039 purpureo
2404 2968 2586 3023 colore
2616 2969 2843 3038 scraptO,
2869 2968 3119 3022 correxit
3150 2984 3226 3022 m.
3233 2971 3299 3038 p.
3323 2974 3646 3023 atramento

1081 3069 1204 3107 usa.

940 3149 1061 3203 Fol.
1089 3149 1176 3204 53.
1214 3163 1299 3204 2ο.
1323 3146 1480 3202 Ante
1504 3147 1680 3202 Tunc.
1705 3147 1930 3202 addiafft
1955 3146 2020 3202 in
2044 3164 2227 3220 marg.
2257 3163 2331 3201 m.
2359 3161 2391 3200 2
2416 3147 2820 3218 Apostolorum
2846 3147 2896 3215 †,
2922 3161 3069 3217 quae
3100 3147 3273 3201 etiam
3300 3147 3367 3201 in
3390 3146 3511 3200 ima
3534 3148 3645 3216 pa-

1069 3232 1220 3302 gina
1265 3232 1497 3302 scripsit
1538 3229 1597 3284 in
1647 3231 1910 3300 passione
1952 3235 2102 3286 ses-m
2143 3247 2576 3285 maccaueorum
2623 3229 2789 3285 lectio
2830 3229 3105 3300 euangelii
3144 3228 3451 3285 secondum
3501 3237 3645 3283 mat-

1078 3323 1248 3370 teum.
1320 3313 1530 3370 accesit
1549 3329 1621 3367 m.
1638 3317 1722 3384 p„
1739 3329 1766 3367 s
1791 3317 2064 3384 superscr.
2091 3330 2238 3371 corr.
2257 3320 2328 3368 ut
2347 3313 2531 3368 udtur
2552 3331 2624 3368 m.
2637 3317 2722 3384 p„
2748 3312 2927 3366 minio
2952 3329 3106 3369 usus.
3178 3327 3240 3366 21
3272 3313 3460 3368 usede.
3486 3350 3501 3365 .
3528 3351 3541 3366 .
3567 3310 3646 3365 fili

1079 3397 1190 3452 mei
1227 3413 1302 3450 m.
1322 3399 1406 3467 p„
1433 3406 1456 3451 t
1482 3436 1497 3452 .
1523 3435 1538 3450 .
1564 3435 1578 3450 .
1605 3395 1622 3449 i
1647 3399 1920 3467 super-scr.
1956 3412 2100 3452 corr.
2139 3413 2213 3451 m.
2215 3400 2285 3468 p.
2358 3411 2443 3452 22.
2482 3396 2599 3468 qud
2635 3413 2709 3451 m.
2733 3398 2818 3466 p„
2845 3413 2880 3451 o
2916 3399 3191 3467 superscr.
3216 3412 3360 3450 corr.
3390 3412 3466 3450 m.
3481 3398 3567 3467 p„
3590 3399 3649 3449 et

1078 3481 1144 3535 in
1167 3497 1225 3534 v.
1252 3492 1336 3550 25.

939 3578 1061 3633 Fol.
1087 3578 1157 3632 53
1175 3577 1231 3632 b.
1270 3576 1354 3631 28.
1380 3576 1500 3630 Hic
1519 3575 1586 3630 in
1609 3577 1872 3647 margine
1894 3575 2209 3646 adpom‘tur
2231 3593 2409 3632 manu
2434 3590 2485 3645 2,
2512 3575 2809 3632 domineca
2833 3575 2890 3630 in
2908 3575 3057 3632 oliuo
3076 3579 3147 3629 ut
3166 3573 3315 3629 mihi
3333 3573 3529 3644 adher,
3548 3572 3654 3629 sed

1078 3661 1366 3731 smptura
1390 3659 1660 3731 ambigua
1681 3664 1779 3714 est.

937 3757 1059 3812 Fol.
1085 3756 1170 3812 54.
1211 3769 1294 3824 34.
1321 3755 1431 3809 fine
1442 3759 1581 3826 post
1601 3771 1730 3811 eum
1755 3771 1934 3810 manu
1963 3769 1995 3810 2
2029 3755 2307 3826 smsptum
2331 3765 2435 3823 est,
2459 3755 2760 3825 eademque
2793 3771 3000 3809 manus
3032 3753 3115 3809 ad
3140 3756 3261 3825 cap.
3298 3752 3385 3808 21.
3428 3765 3474 3822 1,
3512 3757 3646 3808 ante

1078 3839 1171 3907 Et,
1185 3839 1388 3909 posuit
1409 3839 1460 3895 †.
1533 3853 1583 3893 2.
1608 3838 1726 3908 qud
1750 3855 1824 3893 m.
1833 3843 1916 3910 p„
1943 3856 1978 3894 ο
2002 3843 2278 3910 supet-scr.
2303 3856 2451 3894 corr.
2476 3841 2621 3909 nup.

933 3942 982 3996 F
984 3940 1058 3994 ol.
1079 3939 1150 3994 54
1173 3938 1229 3992 b.
1268 3952 1318 4007 3.
1355 3937 1488 3993 uobi
1521 3937 1718 3994 dixerit
1754 3955 1829 3993 m.
1832 3942 1919 4010 p„
1956 3957 1985 3995 s
2021 3943 2297 4011 superscr.
2333 3956 2479 3995 corr.
2510 3956 2585 3994 m.
2590 3942 2659 4010 p.
2728 3953 2781 4006 4.
2806 3938 2924 4010 qud
2948 3955 3021 3992 m.
3027 3940 3111 4009 p„
3137 3954 3174 3992 o
3196 3940 3470 4008 super-scr.
3497 3953 3642 3992 corr.

1075 4022 1500 4161 2.ᾆῖπὲᾎέιέ
1531 4021 1596 4077 in
1632 4024 1892 4094 margine
1925 4023 2244 4094 adponitur
2266 4023 2475 4078 titulus
2507 4023 2755 4079 alicuius
2787 4022 3055 4090 lectionis,
3080 4023 3243 4078 cuius
3278 4021 3467 4076 maior
3491 4024 3644 4093 pars

932 4209 981 4263 F
983 4207 1056 4263 οἱ.
1083 4209 1169 4263 55.
1211 4221 1293 4262 11.
1317 4206 1506 4263 dicebt
1531 4210 1692 4278 ηιμ,
1718 4223 1755 4262 a
1775 4209 2053 4278 super-scr.
2077 4223 2223 4264 corr.
2248 4223 2323 4262 m.
2326 4209 2393 4278 p.
