4373 5048
599 392 742 441 v111.
764 390 964 440 20-1x.
992 386 1068 451 3.]

307 556 436 605 rol.
453 556 575 608 1⁷0.
602 554 805 614 tulistis
825 584 840 601 .

923 563 983 612 at
1007 552 1086 612 illi

600 647 868 707 dixerunt·
895 657 1118 725 septem
1143 678 1156 693 ·

597 738 642 773 ²¹
661 752 720 801 et
745 743 826 801 ait
849 742 961 801 illis
1034 758 1258 818 quomo

598 835 676 895 do
707 853 828 894 non

597 930 840 989 ῐίε...’2

856 834 1142 894 intellexis

855 929 932 988 Et
957 937 1242 988 uenerunt

599 1023 660 1081 in
686 1022 1022 1081 bethaniam
1077 1031 1134 1081 et

596 1116 862 1176 adferunt
889 1115 963 1175 ad
991 1116 1089 1176 illst

595 1229 801 1270 cecum
827 1220 887 1269 et
907 1227 1052 1287 roga

594 1306 735 1364 bant
760 1322 898 1363 eum
925 1314 990 1363 ut
1015 1309 1090 1363 οῦ

593 1408 856 1474 tangeret
878 1427 893 1444 ·
935 1395 980 1430 ²⁸
999 1398 1077 1455 Et
1105 1397 1180 1456 ad

593 1492 897 1572 prehendit
923 1498 1104 1551 mansi

595 1588 722 1646 eius
790 1596 849 1646 et
875 1586 1005 1645 eicit
1033 1585 1132 1645 illsi

597 1691 759 1741 extra
786 1680 1086 1740 castellum
1109 1710 1125 1727 ·

596 1775 675 1834 Et
701 1792 840 1835 cum

865 1774 1162 1851 expuisset

597 1870 659 1928 in
687 1867 890 1929 oculos
917 1869 1042 1927 eius
1071 1868 1132 1926 in

567 2036 577 2049 ι
598 1980 830 2041 ponens

859 1962 936 2020 illi
963 1968 1145 2021 manu
1163 1992 1178 2009 ·

597 2057 987 2133 interrogabat
1013 2062 1089 2115 eii
1111 2085 1126 2102 ·

597 2170 674 2211 an
703 2150 920 2228 aliquid
947 2150 1082 2208 uide

596 2255 684 2304 ret
706 2276 720 2291 ·
791 2246 835 2279 ’⁴
851 2254 910 2303 et
938 2243 1224 2321 aspiciens

599 2338 678 2399 ait
703 2338 878 2398 uideo
907 2338 1070 2397 homi

598 2450 704 2493 nes
731 2442 796 2491 ut
823 2433 1057 2492 arbores

601 2564 967 2625 ambulantes
986 2596 1000 2611 ·

1085 2561 1204 2624 ”et

601 2661 808 2718 iterum
835 2658 1092 2736 inposuit

603 2769 846 2813 inanuui

883 2769 1059 2830 super

600 2847 805 2907 oculos
831 2846 958 2906 eius
1023 2855 1083 2905 et
1109 2844 1164 2905 se

604 2942 681 3001 cit
705 2941 868 3000 illum
893 2938 1090 2999 uidere
1114 2969 1129 2986 ·
1153 2971 1168 2986 ·

601 3035 679 3094 Et
704 3034 994 3094 restitutus
1019 3043 1107 3092 est

605 3129 682 3189 ita
710 3139 774 3188 ut
800 3129 1023 3188 uideret
1050 3128 1141 3187 cla

603 3242 666 3282 re
693 3224 894 3283 omnia
912 3254 927 3269 ·

1011 3219 1146 3280 “Et
1172 3220 1256 3280 mi

603 3317 675 3376 sit
702 3317 864 3376 illum
890 3318 952 3375 in
981 3316 1166 3375 domii

599 3428 768 3472 suam
796 3411 996 3472 dicens
1019 3441 1034 3456 ·
1116 3427 1196 3468 ua

604 3504 674 3565 de
703 3507 764 3564 in
793 3505 1038 3566 domum
1065 3513 1216 3562 tua·-
1244 3531 1260 3551 ο

602 3609 660 3658 et
687 3599 904 3659 nemini
933 3599 994 3657 in
1023 3617 1124 3658 cas

600 3692 736 3753 tello
764 3691 974 3752 dixeris
992 3723 1006 3739 ·
1029 3717 1113 3743 m

542 3789 576 3828 *
605 3785 648 3821 ¹⁷
664 3787 965 3848 Profectus
992 3797 1080 3846 est
1107 3796 1290 3847 aute-

543 3881 576 3920 *
602 3883 691 3941 ihs
719 3891 780 3941 et
803 3882 1074 3959 discipuli

543 3976 577 4015 *
604 3976 730 4036 eius
812 3994 1144 4036 caesaream

545 4070 578 4110 *
603 4071 822 4147 filippi·

892 4070 1185 4131 Etinuia

601 4165 992 4242 interrogabat
1019 4165 1110 4225 dis

605 4259 828 4336 cipulos
857 4277 997 4320 suos
1025 4260 1083 4319 di

601 4371 776 4413 cens·

860 4371 1038 4430 quem
1065 4373 1163 4415 me

1929 376 2233 442 MARC,
2260 407 2274 422 ·

1351 552 1396 589 ’Β
1417 552 1869 630 Responderunt
1895 554 1948 613 ei

1351 646 1606 707 dicentes
1627 678 1640 693 ·
1724 646 1979 707 iohanne

1349 742 1658 817 baptistam
1677 772 1691 787 ·
1751 741 1846 800 alii
1873 759 1951 799 au

1349 845 1468 894 tem
1497 834 1706 893 heliam
1731 866 1746 881 ·
1830 834 1926 893 alii

1349 946 1489 987 uero
1519 929 1684 1006 quasi
1713 946 1900 987 unum

1347 1021 1422 1080 de
1448 1022 1686 1099 profetis
1708 1052 1723 1067 ·
1747 1052 1763 1068 ·
1807 1022 1852 1055 ²⁹
1867 1022 1947 1080 Et

1345 1116 1470 1192 ipse
1499 1116 1873 1193 interrogauit

1345 1227 1449 1268 eos
1469 1241 1484 1256 ·
1572 1208 1700 1269 Uos
1728 1220 1925 1269 autem

1344 1320 1524 1380 quem
1550 1322 1646 1363 me
1673 1302 1862 1364 dicitis
1887 1322 1952 1364 es

1347 1416 1408 1457 se
1430 1430 1443 1445 ·
1509 1398 1587 1457 Et
1614 1416 1830 1476 respon

1344 1491 1489 1552 dens
1515 1502 1714 1569 petrus
1743 1494 1820 1552 ait
1846 1495 1900 1552 ei

1347 1598 1410 1646 tu
1437 1605 1538 1645 es·
1570 1592 1754 1663 xpsu
1805 1588 2027 1647 ³⁰etim

1350 1682 1571 1758 perauit
1600 1682 1686 1741 eis
1713 1691 1774 1741 ut
1802 1700 1878 1743 ne

1351 1776 1496 1833 mini
1523 1776 1740 1836 diceret
1768 1777 1842 1837 de

1351 1868 1450 1929 se'·
1511 1868 1550 1901 ³¹
1570 1869 1651 1928 Et
1678 1871 1874 1948 coepit
1903 1870 1983 1933 do

1353 1981 1487 2023 cere
1513 1980 1618 2023 eos
1637 1994 1652 2009 ·
1737 1966 1874 2042 quia

1353 2066 1584 2134 oportet
1611 2057 1792 2117 filium

1352 2150 1611 2212 hominis
1640 2152 1824 2213 multa
1850 2172 1930 2232 pa

1352 2246 1395 2303 ti
1419 2276 1434 2292 ·
1520 2254 1578 2304 et
1606 2247 1904 2323 reprobari

1351 2356 1387 2399 a
1414 2339 1740 2399 senioribus
1759 2372 1774 2387 ·
1857 2350 1917 2400 et

1351 2432 1712 2511 principibus
1741 2452 1906 2495 sacer

1353 2564 1559 2626 dotum
1586 2575 1643 2626 et
1672 2567 1879 2627 scribis
1903 2600 1918 2615 ·

1352 2660 1433 2719 Et
1458 2660 1652 2720 occidi
1681 2671 1740 2720 et
1766 2672 1902 2738 post
1916 2672 2035 2722 tres

1354 2754 1480 2814 dies
1506 2772 1808 2832 resurgere

1353 2846 1399 2882 ⁸²
1418 2847 1498 2906 Et
1525 2848 1722 2925 palam
1749 2849 1994 2909 uerbum

1355 2940 1704 3019 loquebatur
1726 2973 1740 2989 ·
1762 2973 1776 2989 ·

1357 3035 1556 3108 Quem
1585 3037 1912 3114 suscipiens

1356 3139 1554 3208 petrus
1581 3131 1779 3208 coepit
1807 3132 1889 3190 ob

1353 3224 1582 3301 iurgare
1601 3255 1616 3270 ·
1687 3224 1729 3257 ’Β
1747 3232 1808 3284 at
1833 3224 1928 3284 ille

1353 3335 1673 3378 conuersus
1700 3329 1759 3378 et
1786 3319 1847 3378 ui

1355 3412 1502 3472 dens
1531 3413 1848 3490 discipulos

1353 3523 1494 3566 suos
1520 3507 1842 3584 increpauit

1353 3610 1582 3678 petrum
1609 3601 1812 3661 dicens
1831 3633 1846 3648 ·

1355 3695 1508 3754 uade
1537 3703 1688 3754 retro
1717 3713 1814 3754 me
1843 3713 1909 3757 sa

1356 3797 1525 3849 tanas
1608 3790 1744 3865 quia
1772 3807 1896 3849 non
1923 3807 1990 3849 sa

1357 3883 1448 3960 pis
1476 3900 1592 3960 que
1624 3883 1686 3942 di
1714 3893 1848 3942 sunt
1875 3884 1980 3943 sed

1357 3994 1508 4055 quae
1535 3977 1841 4036 hominum
1864 4008 1879 4025 ·
1897 4009 1982 4022 —

1355 4070 1401 4105 ⁸⁴
1417 4071 1494 4130 Et
1521 4080 1850 4132 conuocata
1868 4073 2038 4132 turba

1355 4183 1492 4225 curn
1521 4165 1818 4242 discipulis
1847 4185 1916 4226 su

1355 4260 1404 4319 is
1433 4259 1579 4318 dixit
1605 4259 1714 4320 illis
1735 4291 1750 4306 ·
1811 4261 1860 4320 si
1887 4260 2018 4338 quis

1356 4355 1482 4413 uult
1506 4364 1642 4432 post
1656 4365 1814 4432 -pest-
1831 4372 1927 4413 me

603 4447 810 4508 dicunt·
831 4465 958 4508 esse
988 4448 1256 4511 homines
1355 4448 1521 4527 sequi
1549 4449 1802 4527 abneget
1829 4465 1893 4510 se

2129 4235 2159 4269 *
2179 4235 2296 4295 ²Et
2324 4245 2455 4314 post
2488 4237 2612 4295 dies
2640 4254 2745 4296 sex

2128 4327 2157 4364 ²⁸¹
2179 4331 2391 4392 adsum
2412 4357 2425 4371 ·
2472 4331 2545 4389 sit
2572 4331 2662 4390 ihs

2129 4425 2159 4459 *
2179 4435 2409 4504 petrum
2438 4435 2496 4485 et
2523 4426 2733 4486 iacobi}

2168 554 2280 613 sibi
2347 564 2405 613 et
2433 553 2592 615 tollat
2621 572 2723 614 cru
2916 554 2995 613 Et
3022 554 3181 614 ducit
3207 553 3337 614 illos
3364 554 3423 613 in

2165 664 2299 707 cem
2327 665 2496 707 suam
2524 657 2582 708 et
2610 666 2793 725 sequa
2916 656 3181 708 montem
3208 647 3445 709 excelsu

2163 750 2255 799 tur
2281 759 2379 801 me
2401 772 2416 787 ·
2479 740 2526 775 ⁸⁸
2543 743 2641 819 qui
2670 742 2829 801 enim
2914 760 3179 801 seorsum
3210 741 3369 801 solus

2162 835 2413 894 uoluerit
2439 834 2699 894 animam
2912 835 2990 894 Et
3016 836 3455 914 transfiguratus

2165 946 2333 987 suam
2362 927 2584 987 saluam
2613 928 2741 988 face
2913 938 3001 989 est
3027 947 3229 989 coram
3255 929 3399 1006 ipsis

2161 1039 2224 1080 re
2254 1022 2456 1098 perdet
2484 1021 2641 1081 illam
2664 1052 2677 1067 ·
2912 1024 2933 1055 ⁸
2950 1022 3029 1081 Et
3053 1022 3400 1081 uestimenta
3425 1022 3550 1082 eius

2164 1114 2285 1187 Qui
2314 1125 2509 1175 autem
2536 1116 2781 1193 perdide
2913 1115 3069 1175 facta
3098 1126 3230 1175 sunt
3260 1116 3426 1193 splen

2161 1210 2235 1267 rit
2262 1218 2498 1287 propter
2522 1228 2621 1269 me
2915 1209 3053 1269 dida
3081 1220 3137 1268 et
3165 1210 3417 1269 candida

2163 1311 2221 1361 et
2249 1312 2487 1380 propter
2513 1320 2665 1362 euan
2916 1303 3091 1362 nimis
3118 1304 3275 1362 uelut
3300 1303 3401 1361 nix

2161 1396 2380 1474 gelium
2406 1396 2627 1457 saluam
2656 1396 2716 1456 fa
2916 1397 3111 1475 qualia
3136 1415 3260 1455 non
3287 1415 3367 1473 po

2162 1492 2277 1549 ciet
2304 1490 2461 1549 illam
2484 1522 2499 1537 ·
2556 1489 2601 1523 ⁸⁶
2616 1490 2756 1567 quid
2912 1498 3023 1550 test
3051 1490 3362 1567 quisquam

2163 1594 2359 1644 autem
2388 1583 2628 1661 prodest
2654 1584 2735 1643 ho
2917 1583 3057 1642 fullo
3086 1601 3263 1661 supra
3290 1592 3377 1642 ter

2163 1678 2309 1737 mini
2338 1678 2386 1738 si
2413 1677 2662 1737 lucretur
2916 1696 3043 1736 ram
3070 1676 3259 1737 facere
3288 1694 3403 1736 can

2164 1788 2407 1832 omnem
2435 1771 2709 1831 mundu-
2727 1803 2741 1818 ·
2918 1770 3057 1830 dida
3075 1801 3089 1817 ·
3149 1770 3267 1829 ‘Et
3294 1770 3459 1830 uisus

2165 1874 2225 1923 et
2252 1866 2664 1925 detrimentum
2918 1874 3006 1923 est
3032 1863 3141 1922 illis
3168 1862 3353 1922 helias

2165 1960 2414 2037 patiatur
2439 1960 2635 2019 anime
2666 1976 2805 2019 suae
2825 1990 2839 2005 ·
2919 1976 3056 2017 cum
3084 1974 3287 2033 moyse
3348 1956 3427 2015 Et

2166 2051 2413 2126 ”Quam
2431 2052 2591 2113 enim
2610 2051 2773 2110 dabit
2791 2051 2870 2112 ho
2921 2049 3339 2127 conloqueban

2166 2164 2271 2207 mo
2300 2146 2681 2206 commutatio
2921 2155 3011 2205 tur
3040 2163 3177 2204 cum
3204 2144 3307 2202 ihu
3325 2174 3340 2189 ·

2169 2258 2306 2300 nem
2334 2257 2445 2317 pro
2473 2240 2671 2300 anima
2698 2256 2805 2299 sua
2921 2239 2944 2273 ⁶
2960 2238 3037 2297 Et
3062 2247 3261 2317 petrus
3289 2239 3369 2297 ait
3397 2236 3475 2298 ad

2167 2334 2213 2367 ⁸⁸
2232 2333 2353 2406 Qui
2374 2342 2572 2393 autem
2590 2331 2873 2393 confusus
2922 2332 3045 2392 ihm
3068 2362 3083 2378 ·
3146 2331 3312 2391 rabbi

2169 2428 2232 2487 in
2260 2446 2356 2487 me
2383 2427 2554 2487 fuerit
2614 2436 2673 2487 et
2700 2444 2806 2487 uer
2922 2427 3149 2486 bonum
3176 2434 3263 2484 est
3290 2442 3405 2486 nos

2924 2557 3019 2616 hic
3048 2574 3177 2616 esse
3200 2588 3215 2603 ·
3280 2567 3339 2616 et
3364 2557 3415 2617 si
3444 2558 3534 2618 uis

2926 2651 3210 2711 faciamus
3238 2651 3403 2710 taber

2927 2744 3139 2805 nacula
3164 2745 3273 2804 tria
3296 2775 3311 2792 ·
3373 2745 3479 2804 tibi

2924 2855 3112 2898 unum
3135 2869 3150 2884 ·
3212 2847 3271 2896 et
3298 2839 3490 2916 moysi

2928 2949 3113 2991 unum
3136 2963 3151 2978 ·
3215 2939 3276 2990 et
3302 2931 3451 2990 helie

2927 3042 3113 3084 unum
3136 3055 3150 3071 ·
3220 3025 3382 3085 ‘non
3411 3032 3509 3085 eni

2169 2561 2248 2620 ba
2274 2577 2409 2620 mea
2437 2560 2497 2618 in
2525 2577 2745 2636 genera

2171 2656 2334 2714 tione
2360 2653 2472 2713 hac
2502 2653 2759 2712 adultera

2172 2757 2231 2806 et
2256 2748 2577 2824 peccatrice

2171 2840 2250 2900 Et
2279 2840 2428 2899 filius
2455 2840 2714 2900 hominis

2171 2933 2493 2995 confundet
2521 2952 2656 2993 eum
2676 2963 2691 2980 ·

2173 3047 2311 3089 cum
2340 3028 2564 3088 uenerit
2592 3028 2653 3086 in
2680 3045 2779 3086 ma

2171 3123 2374 3182 iestate
2401 3121 2579 3200 patris
2608 3121 2697 3181 sui
2930 3121 3151 3179 sciebat
3178 3117 3318 3196 quid
3345 3118 3407 3178 lo

2171 3233 2307 3275 cum
2334 3215 2513 3294 agelis
2542 3216 2656 3275 scis
2680 3245 2695 3262 ·
2930 3223 3199 3290 queretur
3215 3243 3231 3259 ·
3289 3212 3438 3273 timo

2175 3307 2261 3372 9!
2271 3311 2349 3370 Et
2360 3311 2591 3370 dicebat
2606 3309 2715 3370 illis
2734 3327 2910 3370 amen
2930 3325 2992 3366 re
3021 3307 3181 3365 enim
3209 3307 3421 3366 exterri

2926 3401 2970 3461 ti
2998 3410 3164 3460 erant
3184 3431 3201 3446 ·
3284 3401 3307 3434 ⁷
3327 3409 3387 3460 et
3412 3399 3509 3462 sac

2927 3505 2989 3555 ta
3016 3503 3105 3555 est
3132 3495 3317 3554 nubes
3344 3495 3427 3554 ob

2927 3589 3207 3647 umbrans
3236 3588 3367 3648 illos
3390 3618 3406 3635 ·

2929 3682 3008 3741 Et
3034 3682 3195 3741 uenit
3220 3699 3341 3741 uox
3369 3681 3443 3742 de
3472 3700 3555 3741 nu

2929 3777 3005 3836 be
3034 3775 3235 3834 dicens
3315 3775 3413 3835 hic

2932 3879 3021 3930 est
3052 3868 3201 3928 filius
3230 3887 3398 3930 meus

2932 3964 3178 4024 dilectus
3266 3962 3427 4025 hunc

2260 4088 2342 4113 m
2362 4071 2483 4122 tute
2499 4088 2583 4114 „a
2933 4057 3129 4117 audite
3150 4087 3166 4104 ·
3232 4057 3253 4090 ⁸
3270 4055 3348 4117 Et
3374 4061 3538 4120 conti

2216 4155 2269 4205 in
2292 4155 2456 4206 ac’i-um
2478 4155 2531 4205 in
2552 4154 2847 4207 dedemtion
2932 4169 3053 4212 nuo
3082 4151 3395 4230 circumspi

2935 4246 3154 4307 cientes
3182 4246 3415 4306 nemine

2936 4339 3187 4416 amplius
3214 4339 3484 4398 uiderunt

2936 4432 3047 4492 nisi
3076 4432 3197 4490 ihm
3226 4433 3355 4492 solii
3384 4442 3525 4497 secti

3196 4547 3235 4588 ιι
3268 4545 3297 4586 2

2174 3406 2311 3465 dico
2345 3405 2525 3465 uobis
2554 3404 2717 3481 quod

2171 3507 2305 3560 sunt
2334 3497 2572 3577 quidam
2599 3498 2695 3558 hic

2175 3602 2397 3652 stantes
2424 3609 2659 3652 mecum
2680 3623 2696 3640 ·

2177 3688 2279 3765 qui
2309 3697 2413 3744 n0¹²
2442 3687 2758 3763 gustabunt

2173 3789 2427 3840 mortem
2446 3811 2461 3827 ·
2522 3781 2715 3840 donec

2173 3875 2415 3934 uideant
2440 3875 2690 3952 reg'num

2177 3969 2239 4028 di
2266 3969 2467 4029 uenire
2496 3969 2557 4026 in
2584 3968 2673 4028 uir

2177 4530 2237 4581 et
2263 4520 2583 4582 iohannem
2601 4555 2683 4564 —

3496 392 3617 461 123

3641 550 3767 599 Pol.
3789 548 3908 602 1⁷7.
