4373 5048
794 349 875 417 82
1452 398 1461 405 -
2151 354 2392 417 SECD
2415 387 2430 403 ·
3357 360 3468 425 [vx.
3493 378 3518 412 2
3526 363 3722 427 5.-v11.
3747 374 3794 413 ι.

476 530 602 583 rol.
625 532 741 581 101.
788 522 927 599 quia
952 520 1213 581 esurietis
1240 553 1257 570 ·
1540 525 1782 601 speratis
1810 542 1921 585 uos
1948 544 2011 585 re
2341 544 2542 585 nonne
2569 525 2748 584 ambo
2776 524 2838 583 in
2864 522 2926 584 so
2996 520 3073 582 Et
3093 518 3292 581 Malus
3309 522 3494 582 homo
3513 522 3587 582 de
3609 540 3710 583 ma
3818 514 4106 585 ret'loz.

788 614 919 675 Uae
948 616 1117 676 uobis
1144 616 1247 692 qui
1538 618 1731 695 cipere
1789 638 1943 698 quae
1970 637 2075 697 gra
2339 638 2514 679 ueatn
2541 620 2756 680 cadent
2776 650 2791 666 ·
3087 619 3147 677 lo
3175 617 3490 697 thensauro
3517 635 3620 677 cor

784 709 985 769 ridetis
1012 728 1169 769 nunc
1238 710 1379 789 quia
1536 712 1617 770 tia
1643 721 1733 773 est
1758 714 1929 774 uobis
1952 744 1967 759 ·
2028 724 2141 773 non
2337 714 2384 747 ⁴⁰
2397 732 2522 773 non
2550 724 2640 773 est
2668 713 2982 791 discipulus
3089 710 3180 771 dis
3210 712 3298 769 sui
3335 711 3554 788 profert
3581 729 3680 770 ma

785 803 1055 881 lugebitis
1082 813 1140 864 et
1165 803 1375 863 flebitis
1398 834 1413 851 ·
1534 824 1611 865 ne
1637 816 1696 867 et
1724 817 2057 885 peccator0s
2338 826 2513 885 super
2539 808 2882 885 magistrum
2903 838 2918 854 ·
3089 804 3146 863 la
3164 835 3179 850 ·
3237 804 3332 862 Ex
3359 805 3722 864 abundantia

786 896 968 957 ’‘Uae
976 915 1111 958 cum
1126 916 1237 957 uos
1254 898 1507 959 benedix
1532 902 1943 977 peccatoribus
1972 901 2031 961 fe
2337 902 2627 979 perfectus
2658 912 2854 961 autem
3087 898 3246 956 enim
3277 898 3470 957 cordis
3497 914 3568 956 os
3594 899 3722 957 eius

786 992 966 1052 serint
993 1010 1201 1052 omncs
1226 992 1389 1053 homi
1534 1004 1741 1053 nerant
1766 1006 1831 1054 ut
1856 996 1974 1055 reci
2337 996 2444 1055 erit
2472 996 2666 1056 omnis
2695 997 2745 1056 si
2773 998 2846 1055 sit
3086 992 3340 1069 loquitur
3358 1022 3373 1038 ·
3415 993 3460 1025 ⁴⁶
3475 991 3618 1069 quid

786 1102 893 1145 nes
913 1116 928 1132 ·
986 1085 1325 1145 Secundum
1534 1090 1697 1166 piant
1716 1120 1731 1135 ·
1775 1090 1819 1123 ⁸⁸
1835 1088 2061 1150 Uerum
2337 1090 2484 1149 sicut
2510 1090 2786 1166 magister
2813 1090 2938 1149 eius
2959 1121 2976 1137 ·
3085 1096 3282 1145 autem
3307 1088 3530 1145 uocatis
3557 1102 3652 1145 me

787 1178 935 1239 haec
964 1180 1179 1240 facient
1206 1190 1263 1239 et
1291 1199 1438 1257 speo
1534 1192 1731 1244 tamen
1760 1193 1949 1243 amate
1970 1185 2054 1243 ini
2334 1183 2378 1216 ⁴²
2397 1182 2558 1255 Quid
2585 1193 2780 1243 autem
2808 1183 2974 1243 uides
3085 1178 3203 1239 dr‘te
3231 1180 3348 1239 dx‘ie
3417 1192 3476 1240 et
3495 1198 3619 1239 non
3647 1178 3708 1239 fa

786 1272 1107 1351 doprofetis
1136 1286 1329 1351 patres
1534 1278 1721 1338 micos
1747 1290 1972 1339 uestros
1994 1310 2009 1326 ·
2333 1277 2619 1338 festucam
2649 1278 2708 1335 in
2738 1278 2910 1338 oculo
3085 1273 3212 1332 citis
3240 1291 3392 1351 quae
3421 1274 3557 1333 dico
3581 1306 3596 1321 ·

785 1386 988 1427 eorum
1007 1399 1022 1415 ·
1072 1365 1117 1402 ¹⁷
1136 1368 1253 1428 Sed
1282 1386 1362 1429 uo
1533 1381 1591 1431 et
1620 1371 1942 1432 benefacite
1971 1372 2048 1431 Et
2334 1371 2523 1433 fratris
2545 1374 2627 1431 tui
2647 1402 2661 1418 ·
2722 1381 2810 1430 tra
2879 1432 2885 1437 ,
3083 1366 3128 1399 ⁴⁷
3146 1365 3359 1426 Omnis
3381 1368 3482 1445 qui
3508 1368 3669 1427 uenit
3695 1366 3774 1427 ad

785 1462 875 1522 bis
904 1462 1036 1523 dico
1065 1464 1168 1541 qui
1194 1463 1330 1522 audi
1531 1474 1800 1523 mutuum
1831 1467 1963 1526 date
1982 1496 1997 1513 ·
2332 1466 2470 1525 bem
2499 1476 2696 1525 autem
2724 1484 2876 1541 quae
2904 1466 2966 1525 in
3085 1478 3182 1519 me
3209 1472 3266 1519 et
3294 1462 3456 1520 audit
3483 1463 3666 1521 uerba

782 1556 856 1615 tis
965 1556 1187 1633 diligite
1214 1558 1380 1616 inimi
1530 1558 1673 1617 nihil
1702 1560 1987 1636 desperan
2333 1561 2506 1619 oculo
2534 1569 2636 1618 tuo
2663 1570 2752 1619 est
2781 1578 2906 1618 non
3085 1570 3220 1613 mea
3248 1554 3392 1613 haec
3421 1565 3480 1613 et
3508 1554 3644 1615 facit

783 1669 888 1711 cos
914 1662 1141 1712 uestros
1164 1682 1179 1699 ·
1240 1651 1403 1711 Bene
1530 1660 1619 1712 tes
1661 1662 1719 1712 et
1746 1653 1855 1712 erit
1883 1671 2112 1713 merces
2335 1652 2672 1714 consideras
2691 1684 2705 1699 ·
2747 1652 2794 1686 ¹¹
2811 1664 2910 1711 aut
3083 1665 3153 1705 ea
3173 1678 3188 1693 ·
3259 1648 3566 1707 ostendam
3595 1666 3676 1707 uo

781 1744 954 1804 facite
982 1745 1073 1805 his
1102 1745 1203 1823 qui
1228 1762 1340 1804 uos
1530 1756 1725 1805 uestra
1752 1747 1934 1805 multa
1952 1778 1967 1793 ·
2031 1746 2109 1805 Et
2333 1748 2636 1826 quomodo
2663 1756 2832 1824 potes
2861 1747 2920 1806 di
3084 1740 3175 1800 bis
3203 1742 3371 1801 cuius
3399 1742 3602 1803 similis

781 1837 1033 1897 oderunt
1054 1870 1069 1885 ·
1126 1836 1170 1871 ²⁸
1190 1838 1355 1897 Bene
1376 1822 1463 1901 35²³
1530 1840 1687 1899 eritis
1716 1840 1795 1899 fili
1823 1840 2003 1901 altissi
2333 1859 2464 1901 cere
2493 1841 2650 1900 fratri
2677 1852 2779 1901 tuo
2798 1872 2812 1888 ·
2873 1841 2922 1901 si
3082 1845 3170 1893 est
3193 1866 3208 1881 ·
3247 1835 3294 1868 ⁴⁸
3313 1834 3530 1895 Similis
3558 1847 3648 1896 est

780 1931 954 1991 dicite
989 1930 1317 1991 maledicen
1364 1902 1468 2005 {31⁸3
1530 1934 1649 1991 mi·
1713 1934 1851 2011 quia
1878 1935 2003 2012 ipse
2032 1953 2102 1994 su
2331 1954 2406 1995 ne
2433 1935 2641 1995 eiciam
2671 1935 2892 1995 festuca
3081 1926 3310 1987 homini
3333 1929 3622 1990 aedifican

778 2034 868 2083 tes
894 2041 1005 2084 uos
1024 2056 1039 2071 ·
1110 2024 1291 2084 Orate
1317 2036 1417 2103 pro
1528 2028 1653 2086 auis
1680 2036 1768 2087 est
1788 2058 1803 2075 ·
1864 2046 2039 2105 super
2069 2030 2129 2087 in
2331 2029 2407 2089 de
2429 2027 2604 2089 oculo
2627 2038 2729 2088 tuo
2753 2060 2767 2075 ·
2815 2038 2873 2088 et
2889 2048 3030 2089 ecce
3083 2022 3124 2080 ti
3163 2022 3406 2081 domum
3433 2024 3532 2101 qui
3559 2023 3620 2083 fo

779 2117 1267 2177 calumniantibus
1527 2130 1725 2197 gratos
1752 2131 1811 2180 et
1838 2121 2025 2181 malos
2048 2152 2063 2169 ·
2329 2122 2392 2183 in
2419 2124 2594 2183 oculo
2623 2134 2724 2182 tuo
2753 2124 2928 2183 trabis
3083 2115 3165 2174 dit
3193 2117 3256 2175 in
3282 2118 3460 2175 altum
3483 2148 3498 2163 ·
3561 2128 3618 2177 et
3645 2137 3726 2196 po

780 2227 893 2271 uos
911 2242 926 2258 ·
968 2212 1013 2247 ⁸⁹
1032 2211 1106 2270 Et
1132 2212 1233 2291 qui
1260 2223 1317 2273 te
1346 2231 1451 2291 per
1528 2214 1572 2249 ⁸⁸
1592 2224 1775 2275 estote
1804 2216 2105 2275 misericor
2329 2217 2592 2277 subiacet
2610 2248 2624 2264 ·
2685 2216 2868 2295 Hypo
3083 2211 3194 2269 suit
3221 2211 3600 2271 fundamenta

779 2305 1023 2365 eusserit
1050 2306 1109 2364 in
1138 2324 1277 2365 max
1528 2308 1633 2370 des
1661 2310 1809 2369 sicut
1835 2318 1893 2369 et
1920 2319 2085 2387 pater
2331 2312 2472 2371 crita
2490 2342 2504 2358 ·
2569 2311 2692 2370 eice
2721 2306 2964 2389 primu*
3081 2322 3262 2383 supra
3287 2315 3485 2382 petra·
3557 2306 3618 2364 in

778 2397 967 2459 sillam
992 2401 1171 2477 prebe
1201 2400 1255 2461 ei
1524 2411 1716 2463 uester
1737 2402 2063 2463 misericors

776 2541 836 2592 et
862 2531 1099 2592 alteram
1121 2565 1134 2580 ·
1178 2532 1256 2595 Et
1284 2541 1357 2594 eii
1525 2544 1613 2596 est
1631 2566 1646 2583 ·
1717 2545 1777 2594 et
1802 2535 1953 2595 mise
2327 2537 2552 2597 trabem
2579 2535 2655 2595 de
2682 2537 2856 2598 oculo
3079 2531 3360 2592 undantia
3385 2541 3581 2592 autem

776 2627 877 2705 qui
906 2627 1092 2686 aufert
1120 2629 1222 2688 tibi
1250 2638 1313 2686 tu
1566 2653 1649 2681 „e-
1664 2639 1819 2688 retur
1857 2654 1958 2680 -m
2325 2639 2428 2690 tuo
2453 2661 2468 2677 ·
2527 2639 2584 2691 et
2611 2639 2749 2691 tunc
2777 2632 2932 2708 respi
3077 2627 3231 2685 sacta
3298 2627 3466 2686 allisit
3493 2627 3575 2686 flu

776 2722 973 2782 nicam
1000 2732 1161 2781 tuam
1210 2721 1288 2780 Et
1317 2739 1397 2799 pa
1461 2719 1492 2756 ‘¹
1513 2719 1557 2756 θ’
1574 2721 1771 2782 Nolite
1800 2722 2057 2781 iudicare
2327 2725 2447 2784 cies
2475 2733 2538 2783 ut
2565 2725 2782 2784 educas
2808 2723 2897 2785 fes
3077 2737 3218 2780 men
3245 2719 3444 2780 domui
3474 2721 3585 2779 illi·

776 2814 934 2874 leum
960 2815 1083 2875 noli
1109 2816 1360 2893 prohibe
1462 2813 1493 2850 ‘¹
1515 2826 1573 2876 et
1602 2815 1676 2875 de
1702 2815 1876 2875 uobis
1908 2833 2031 2874 non
2061 2816 2121 2874 iu
2325 2827 2524 2878 tucarn
2552 2817 2628 2877 de
2653 2819 2828 2878 oculo
2857 2818 2944 2879 fra
3076 2824 3136 2872 et
3164 2831 3288 2873 non
3317 2816 3504 2891 potuit
3531 2832 3666 2874 eam

772 2927 835 2968 re
854 2939 869 2956 ·
914 2908 957 2942 ⁸¹
974 2908 1052 2967 Et
1070 2919 1245 2986 prout
1270 2909 1372 2967 uul
1524 2909 1808 2970 dicabitur
1834 2939 1849 2956 ·
1920 2909 2101 2969 nolite
2325 2912 2427 2971 tris
2455 2912 2538 2970 tui
2561 2942 2576 2958 ·
2597 2942 2612 2958 ·
2657 2912 2700 2944 ⁴⁸
2721 2911 2860 2971 Non
2891 2923 2978 2972 est
3076 2924 3316 2968 mouere
3339 2939 3352 2954 ·
3423 2907 3608 2967 funda

777 3003 849 3062 tis
876 3012 941 3061 ut
968 3002 1185 3062 faciant
1210 3020 1291 3062 uo
1522 3004 1915 3063 condemnare
1986 3011 2045 3061 et
2072 3020 2196 3062 non
2327 3006 2486 3064 enim
2513 3006 2686 3065 arbor
2714 3006 2876 3065 bona
3075 3011 3134 3060 ta
3159 3003 3320 3060 enim
3349 3011 3470 3061 erat
3495 3019 3674 3078 supra

772 3095 863 3154 bis
891 3094 1160 3156 homines
1184 3127 1197 3142 ·
1262 3095 1373 3156 faci
1522 3096 1999 3157 condemnamini
2018 3127 2033 3144 ·
2100 3097 2160 3156 di
2326 3116 2474 3176 quae
2503 3098 2640 3158 facit
2669 3097 2886 3158 fructus
3074 3105 3269 3172 petra·
3312 3096 3358 3129 ⁴⁹
3377 3095 3534 3154 Nam
3562 3097 3664 3174 qui

770 3196 828 3248 te
856 3188 967 3248 illis
994 3207 1105 3248 uos
1132 3189 1305 3249 simili
1520 3190 1727 3250 mittite
1794 3200 1854 3250 et
1884 3190 2196 3250 dimittemi
2323 3193 2510 3252 malos
2530 3223 2545 3239 ·
2617 3210 2808 3270 neque
2836 3193 2916 3253 ite
3073 3188 3233 3248 audit
3259 3199 3318 3248 et
3345 3208 3469 3248 non
3496 3188 3668 3249 facit·

771 3291 859 3341 ter
878 3313 893 3328 ·
936 3279 981 3315 ⁸¹
994 3281 1073 3341 Et
1100 3284 1149 3340 si
1178 3282 1415 3358 diligitis
1520 3284 1579 3342 ni
1604 3315 1617 3330 ·
1661 3283 1705 3316 ³⁸
1722 3283 1857 3344 date
1884 3293 1942 3343 et
1970 3282 2202 3342 dabitur
2322 3303 2450 3344 rum
2479 3287 2649 3346 arbor
2675 3287 2830 3346 mala
3077 3282 3290 3342 Similis
3318 3294 3405 3342 est
3432 3283 3656 3343 homini

769 3393 875 3437 eos
904 3376 1005 3455 qui
1032 3393 1141 3436 uos
1159 3375 1408 3452 diligunt
1434 3407 1449 3424 ·
1518 3377 1689 3436 uobis
1713 3408 1727 3423 ·
1788 3395 2123 3436 mensuram
2324 3379 2542 3440 faciens
2570 3379 2785 3440 fructus
2813 3380 2892 3440 bo
3073 3377 3398 3437 aedificanti
3425 3376 3609 3437 domu

767 3487 920 3549 quae
948 3471 1119 3530 uobis
1147 3470 1333 3546 gratia
1517 3471 1739 3530 bonam
1768 3471 2091 3531 confertam
2321 3491 2432 3533 nos
2457 3505 2470 3520 ·
2515 3474 2954 3551 “unaquaeque
3074 3489 3244 3532 suam
3273 3489 3449 3548 supra
3477 3481 3676 3530 terra·-

765 3581 907 3624 nam
934 3573 995 3624 et
1021 3573 1360 3643 peccatores
1518 3575 1878 3625 commotam
1906 3583 2079 3642 super
2319 3566 2490 3626 arbor
2518 3585 2592 3627 ex
2622 3565 2810 3626 fructo
3072 3565 3198 3623 sine
3226 3565 3608 3624 fundamento
3633 3596 3646 3611 ·

763 3658 1074 3736 diligentes
1102 3677 1166 3718 se
1189 3658 1289 3718 dili
1516 3659 1832 3719 efluentem
1862 3659 2087 3718 dabunt
2319 3677 2428 3720 suo
2448 3670 2842 3737 cognoscetur
2859 3692 2874 3708 ·
3070 3659 3240 3718 allisit
3267 3659 3490 3718 flumen
3518 3659 3598 3719 do

762 3763 947 3831 gunt·
990 3753 1034 3788 ⁸⁸
1054 3753 1132 3812 Et
1160 3753 1209 3812 si
1235 3753 1389 3812 bene
1516 3753 1575 3812 in
1606 3754 1799 3813 sinum
1828 3763 2084 3812 uestrum
2108 3783 2123 3800 ·
2319 3771 2510 3830 neque
2539 3753 2738 3830 legunt
2765 3753 2840 3814 de
3069 3754 3192 3812 mui
3220 3753 3298 3812 illi
3366 3763 3423 3813 et
3449 3753 3733 3813 continuo

761 3847 1013 3907 feceritis
1040 3847 1132 3906 his
1160 3847 1259 3924 qui
1514 3847 1722 3908 eadem
1748 3864 2025 3907 mensura
2319 3847 2502 3923 spinis
2526 3847 2670 3907 ficus
2694 3878 2709 3894 ·
2770 3865 2914 3925 neqs
3071 3848 3325 3908 concidit
3354 3856 3413 3908 et
3439 3846 3591 3906 facta
3617 3856 3704 3907 est

762 3943 937 4001 uobis
964 3939 1340 4001 benefaciunt
1513 3960 1628 4021 qua
1662 3943 1853 4002 mensi
1880 3941 2038 4000 eritis
2068 3959 2165 3999 me
2317 3940 2390 4000 de
2417 3941 2564 4000 rubo
2597 3939 2854 4000 uindemi
3067 3941 3236 4000 ruina
3262 3941 3472 4000 domus
3499 3941 3628 4000 ilius

761 4053 912 4115 quae
938 4036 1107 4096 uobis
1135 4033 1322 4110 gratia
1512 4037 1681 4096 tietur
1708 4036 1879 4096 uobis
1900 4067 1913 4082 ·
1957 4034 2003 4069 ⁸⁹
2021 4034 2169 4094 Dice
2314 4043 2416 4093 ant
2443 4051 2620 4094 uuam
2641 4067 2656 4082 ·
2701 4035 2744 4068 ⁴⁶
2763 4035 2968 4095 Bonus
3218 4053 3434 4110 magna
3461 4060 3545 4090 m

761 4139 850 4190 est
872 4161 887 4178 ·
953 4147 1093 4188 nam
1120 4138 1179 4188 et
1205 4143 1390 4204 pecca
1508 4129 1607 4188 bat
1628 4141 1821 4188 autem
1851 4128 1961 4187 illis
1988 4140 2047 4188 et
2064 4128 2196 4187 simi
2313 4127 2496 4189 homo
2524 4130 2599 4188 de
2626 4129 2790 4188 bono
2817 4129 2986 4191 thens
3015 4127 3045 4162 *
3067 4135 3122 4190 ’1.
3140 4127 3160 4162 ²
3179 4129 3256 4187 Et
3277 4129 3494 4188 factum
3522 4139 3608 4188 est
3631 4146 3767 4188 cum

758 4237 915 4286 tores
942 4223 1090 4284 haec
1116 4222 1375 4283 faciuntss
1507 4223 1809 4282 litudinem
1831 4253 1845 4269 ·
1920 4220 2081 4279 Num
2312 4239 2456 4282 auro
2491 4223 2684 4284 cordis
2711 4223 2801 4282 sui
3013 4222 3362 4301 *implesset
3388 4223 3588 4282 omnia

756 4319 801 4354 ⁸⁴
822 4319 899 4380 Et
928 4319 977 4378 si
1006 4327 1273 4378 mutuum
1304 4315 1455 4378 dede
1506 4317 1649 4396 quid
1675 4324 1870 4393 potest
1896 4331 2109 4376 caecus
2309 4316 2528 4393 profert
2557 4317 2779 4377 bonum
3061 4319 3244 4377 uerba
3271 4317 3416 4378 haec
3437 4317 3498 4376 in
3513 4317 3700 4377 auribs

756 4415 877 4476 ritis
906 4415 997 4474 his
1016 4445 1029 4460 ·
1096 4430 1132 4470 a
1160 4411 1371 4488 quibus
1506 4429 1749 4473 caecum
1779 4409 1991 4470 ducere
2010 4439 2023 4454 ·
