4373 5048
758 370 840 431 14

454 522 587 575 ποι.
610 525 705 575 26.
750 524 1077 587 Hominem
1105 524 1269 587 molli

746 621 857 679 bus
884 620 1154 679 uestitum
1178 646 1193 661 ·

750 732 893 775 ecce
921 718 1022 793 qui
1049 714 1325 775 mollibus

744 812 1073 871 uestiuntur
1091 812 1153 871 in

746 905 1017 966 domibus
1048 923 1255 983 regum

742 1009 881 1061 sunt
899 1027 915 1041 ·
977 1000 1000 1033 ⁹
1017 1000 1119 1060 sed
1147 998 1289 1079 quid

738 1096 935 1155 existis
966 1092 1164 1153 uidere

741 1188 1031 1267 profetam
1057 1187 1215 1247 etia*

740 1282 874 1342 dico
903 1281 1073 1341 uobis
1102 1291 1160 1340 et
1185 1298 1285 1339 am

741 1377 893 1455 plius
919 1394 1099 1454 quam
1132 1392 1241 1452 pro

740 1469 859 1531 feta
878 1498 893 1513 ·
952 1468 999 1505 ¹⁰
1016 1469 1133 1529 Hic
1162 1479 1251 1529 est
1265 1476 1365 1528 eni

738 1566 813 1625 de
841 1584 960 1644 quo
988 1566 1203 1641 scriptu

738 1670 828 1719 est
849 1686 862 1701 ·
947 1678 1090 1719 ecce
1118 1676 1234 1735 ego

739 1755 907 1815 mitto
935 1753 1212 1831 angelum

738 1865 937 1907 meum
964 1858 1100 1907 ante
1120 1846 1237 1905 saci

738 1959 835 2001 em
864 1952 1023 2001 tuam
1056 1942 1158 2017 qui

736 2034 1100 2113 praeparauit
1130 2034 1273 2092 uia·-

734 2140 898 2189 tuam
928 2138 1060 2188 ante
1088 2138 1144 2188 te
1162 2158 1177 2173 ·

732 2221 777 2257 ¹¹
795 2224 993 2282 Amen
1020 2224 1155 2283 dico
1180 2222 1350 2283 uobis

733 2336 861 2379 non
888 2319 1132 2377 surrexit

732 2414 881 2473 inter
900 2422 1070 2472 natos
1096 2429 1199 2470 mu

732 2547 941 2608 lierum
967 2547 1155 2606 maior

732 2641 985 2702 iohanne
1012 2641 1259 2718 baptista
1282 2663 1297 2680 ·

733 2735 853 2810 Qui
884 2745 1079 2795 autem
1112 2735 1309 2792 minor

730 2840 819 2890 est
848 2831 911 2890 in
937 2847 1124 2906 regno
1153 2847 1259 2887 cae

728 2925 921 2985 lorum
955 2923 1142 2982 maior

731 3028 819 3077 est
846 3019 900 3076 ei
920 3043 935 3058 ·
980 3015 1091 3074 ¹²A
1118 3015 1323 3074 diebus

732 3122 929 3171 autem
956 3109 1230 3169 iohannis

727 3206 1012 3283 baptistae
1044 3221 1229 3280 usque

728 3317 887 3359 nunc
914 3314 1163 3375 regnum

726 3393 1021 3455 caelorum
1048 3391 1169 3450 uim
1204 3407 1285 3468 pa

724 3489 859 3548 titur
881 3515 894 3529 ·
958 3497 1018 3546 et
1044 3485 1143 3563 qui
1168 3485 1291 3544 uim
1334 3545 1341 3552 ,

724 3583 943 3643 faciunt
972 3582 1202 3657 rapiunt

724 3677 867 3738 illud
883 3704 896 3718 ·
918 3703 933 3718 ·
976 3675 1020 3710 ¹⁸
1036 3673 1305 3734 Omnnes

723 3773 881 3832 enim
908 3769 1166 3848 profetae
1194 3777 1254 3826 et

724 3867 819 3927 lex
840 3893 853 3908 ·
916 3880 1102 3941 usque
1130 3860 1208 3921 ad

724 3960 1041 4021 iohannem
1070 3953 1239 4034 profe

721 4063 991 4114 tauerunt
1008 4077 1021 4091 ·
1066 4052 1111 4086 ¹⁴
1131 4060 1191 4110 et
1218 4049 1267 4110 si

720 4149 892 4209 uultis
924 4145 1155 4224 percipe

722 4261 784 4302 re
810 4269 823 4284 ·
886 4242 1011 4319 ipse
1041 4249 1128 4298 est
1155 4235 1273 4296 heli

720 4357 788 4397 as
815 4336 913 4414 qui
940 4344 1217 4394 uenturus

719 4443 845 4492 est·
890 4428 935 4514 {⁵
951 4430 1049 4508 qui
1076 4427 1254 4488 habet
1286 4441 1363 4484 au

1252 4537 1347 4580 res

2054 354 2432 418 SECUND
2453 387 2466 402 ·

1510 525 1784 587 audiendi
1816 525 2049 587 audiat·

1508 620 1553 655 ¹⁸
1570 620 1681 681 Cui
1709 631 1903 681 autem
1936 620 2145 681 adsimi

1504 714 1643 775 labo
1670 715 1969 791 generatio

1506 826 1647 869 nem
1680 810 1851 869 istam
1874 834 1889 849 ·
1960 807 2021 867 Si

1502 902 1658 963 milis
1686 912 1772 961 est
1799 904 1989 979 pueris

1504 996 1833 1057 sedentibus
1860 997 1919 1055 in
1950 996 2013 1056 so

1500 1109 1569 1151 ro
1647 1101 1707 1150 et
1734 1091 2005 1149 clamanti

1497 1186 1608 1245 bus
1636 1186 1695 1243 in
1722 1186 1973 1243 inuicem

1499 1280 1788 1339 dicentes·
1834 1278 1878 1311 ¹⁷
1896 1276 2027 1338 Can

1496 1375 1745 1433 tauimus
1771 1373 1941 1433 uobis

1498 1478 1557 1527 et
1584 1486 1706 1528 non
1736 1467 1983 1527 saltastis
2006 1494 2019 1508 ·

1500 1561 1975 1621 Lamentauimus

1498 1656 1671 1715 uobis
1698 1665 1754 1713 et
1783 1672 1905 1714 non
1933 1654 2071 1730 plax

1498 1750 1653 1809 sistis
1674 1780 1689 1795 ·
1732 1746 1775 1781 ¹⁸
1798 1748 1979 1807 Uenit

1495 1842 1783 1903 iohannes
1810 1860 2001 1920 neque

1492 1937 1861 1997 manducans
1887 1955 1967 1996 ne

1496 2048 1610 2109 que
1638 2031 1845 2091 bibens
1864 2056 1877 2071 ·
1941 2040 2001 2090 et

1493 2124 1694 2185 dicunt
1720 2125 2001 2185 demoniii

1496 2218 1704 2278 habet·
1750 2219 1793 2252 ¹⁹
1810 2217 1987 2278 Uenit

1495 2314 1643 2373 filius
1678 2312 1927 2374 hominis

1491 2406 1855 2467 manducans
1888 2416 1947 2465 et
1975 2405 2035 2465 bi

1492 2543 1639 2601 bens
1659 2568 1672 2582 ·
1732 2551 1791 2600 et
1818 2539 2019 2599 dicunt

1489 2652 1630 2696 ecce
1660 2633 1841 2695 homo
1868 2651 2051 2693 uorax

1488 2739 1546 2788 et
1573 2739 1807 2806 potator
1859 2728 1985 2805 ppu

1488 2824 1851 2900 plicanorum
1888 2831 1945 2879 et

1486 2928 1860 2995 peccatorum
1894 2915 2009 2974 ami

1489 3029 1593 3071 cus
1612 3037 1625 3050 ·
1696 3021 1756 3070 et
1783 3009 2027 3068 iustifica

1488 3116 1547 3165 ta
1576 3114 1664 3164 est
1697 3105 1977 3181 sapientia

1485 3219 1522 3259 a
1550 3199 1679 3258 filiis
1708 3198 1823 3256 suis
1846 3224 1859 3238 ·
1882 3229 1966 3240 —

1485 3292 1530 3326 ²⁰
1553 3293 1726 3352 Tunc
1756 3291 1949 3368 coepit
1975 3291 2143 3367 inpro

1485 3405 1690 3465 perare
1721 3385 1931 3445 ciuitati

1483 3483 1595 3540 bus
1691 3479 1753 3539 in
1780 3478 1988 3554 quibus

1482 3575 1634 3636 facte
1664 3582 1796 3634 sunt
1824 3571 1972 3649 pluri

1481 3689 1577 3729 me
1604 3669 1842 3727 uirtutes
1870 3666 1991 3724 eius
2012 3689 2029 3706 ·

1482 3763 1646 3843 quod
1674 3779 1798 3820 non
1826 3759 2048 3836 egerint

1481 3857 1891 3935 paenitentiam
1916 3881 1931 3895 ·

1480 3949 1523 3984 ²¹
1544 3951 1673 4012 Uae
1702 3951 1799 4009 tibi
1828 3949 2097 4010 corazain
2120 3979 2133 3994 ·

1481 4064 1592 4105 uae
1620 4046 1721 4104 tibi
1750 4043 2049 4103 bethsaida
2066 4074 2079 4089 ·

1480 4139 1619 4217 quia
1646 4139 1694 4198 si
1721 4140 1783 4196 in
1810 4148 1938 4215 tyro
1966 4147 2023 4196 et
2052 4137 2102 4197 si

1478 4235 1635 4293 done
1662 4232 1846 4292 factae
1875 4249 1938 4291 es

1482 4322 1807 4410 sent[istae]
1839 4326 1988 4384 uirtu

1478 4432 1564 4484 tes
1592 4439 1741 4502 quae
1770 4421 1916 4480 facte
1946 4429 2079 4480 sunt

2319 526 2380 586 in
2409 528 2578 588 uobis
2657 528 2800 587 olim

2315 621 2514 698 utique
2543 623 2604 679 in
2635 623 2823 683 cilicio

2316 724 2374 773 et
2403 717 2598 775 cinere
2626 718 2801 793 paeni

2313 810 2552 868 tentiam
2580 811 2836 887 egissent

2311 898 2357 934 ⁸²
2379 903 2612 963 Tamen
2630 904 2764 964 dico
2781 906 2948 967 uobis
2973 932 2988 947 ·

2312 1006 2438 1073 tyro
2465 1010 2522 1057 et
2551 998 2740 1057 sidoni

2308 1092 2601 1152 remissius
2627 1094 2732 1151 erit

2309 1185 2370 1243 in
2398 1185 2490 1245 die
2516 1186 2708 1245 iudicii

2311 1296 2486 1355 quam
2515 1280 2681 1340 uobis
2705 1311 2718 1325 ·

2307 1369 2350 1404 ²⁸
2369 1372 2446 1433 Et
2469 1384 2530 1433 tu
2557 1380 2849 1450 capernail

2304 1484 2456 1543 quae
2483 1484 2666 1543 usque
2694 1468 2768 1526 ad

2305 1560 2532 1619 caelum
2558 1561 2750 1620 exalta

2303 1664 2362 1713 ta
2391 1672 2455 1713 es
2548 1672 2733 1731 usque
2763 1655 2824 1715 in

2303 1748 2596 1807 infernum
2623 1748 2730 1809 des

2303 1843 2521 1901 cendes
2543 1874 2556 1889 ·
2621 1844 2756 1919 quia

2301 1937 2350 1995 si
2379 1937 2438 1994 in
2467 1936 2727 1995 sodomis

2299 2030 2486 2090 sactae
2520 2030 2760 2091 fuissent

2299 2126 2537 2183 uirtutes
2564 2142 2676 2201 que

2299 2218 2487 2278 factae
2517 2228 2652 2277 sunt
2678 2220 2739 2277 in
2767 2230 2824 2279 te

2301 2313 2650 2372 mansissent
2675 2330 2746 2371 us

2301 2423 2414 2484 que
2441 2406 2502 2465 in
2530 2406 2775 2466 odiernii

2302 2540 2488 2599 diem·
2537 2541 2794 2600 “tamen
2823 2539 2882 2599 di

2296 2654 2370 2696 co
2397 2635 2598 2694 uobis·
2657 2636 2795 2714 quia
2821 2645 2907 2695 ter

2295 2747 2392 2788 rae
2420 2729 2804 2788 sodomorum

2295 2823 2593 2882 remissius
2620 2823 2724 2881 erit
2753 2822 2814 2880 in

2296 2917 2391 2975 die
2418 2915 2611 2975 iudicii
2637 2935 2816 2992 quam

2294 3011 2462 3070 uobis
2481 3041 2579 3061 ·-
2620 3011 2666 3046 ²⁵
2681 3010 2754 3068 In
2783 3011 2879 3070 illo
2899 3021 2999 3072 te*

2294 3123 2435 3181 pore
2470 3105 2833 3182 respondens

2294 3199 2384 3258 ihs
2407 3199 2548 3258 dixit
2567 3207 2584 3238 ·‘
2617 3199 2833 3258 confite

2295 3309 2363 3351 or
2389 3292 2489 3350 tibi
2517 3301 2679 3369 pater
2708 3292 2820 3351 dfie

2294 3384 2438 3445 caeli
2466 3396 2522 3445 et
2543 3397 2722 3445 terrae
2747 3410 2760 3425 ·
2805 3386 2942 3464 quia

2293 3479 2648 3540 abscondisti
2687 3479 2834 3539 haec

2294 3591 2330 3632 a
2359 3574 2714 3651 sapientibus
2743 3584 2800 3634 et
2827 3592 2938 3651 pru

2292 3666 2562 3727 dentibus
2589 3676 2648 3727 et
2675 3686 2812 3727 reue

2289 3761 2416 3821 lasti
2443 3779 2513 3820 ea
2540 3761 2796 3838 paruulis
2817 3786 2830 3800 ·

2289 3852 2432 3914 ”Ita
2452 3867 2617 3932 pater
2638 3862 2782 3932 qt‘im
2813 3855 2895 3914 sic
2917 3855 2980 3914 su

2289 3949 2332 4007 it
2359 3948 2638 4025 placitum
2665 3959 2800 4008 ante
2829 3959 2888 4008 te
2911 3975 2928 3988 ·

3375 368 3493 434 [x1.
3513 374 3774 435 8-x11.4.

3073 528 3200 587 Nisi
3229 528 3377 589 filius
3395 558 3410 572 ·
3461 542 3522 591 et
3551 534 3646 591 cui
3669 532 3712 592 fi
3799 543 3925 593 ποι.
3947 545 4040 595 27.

3067 622 3177 683 lius
3205 623 3450 685 uoluerit
3475 645 3540 685 re

3069 715 3261 776 uelare
3282 743 3295 757 ·
3340 715 3382 751 ²⁸
3412 718 3629 779 Uenite

3067 810 3144 869 ad
3173 828 3268 870 me
3297 830 3505 873 omnes
3532 816 3632 892 qui

3065 903 3341 965 laboratis
3398 917 3457 966 et
3484 908 3566 967 ho

3067 1000 3248 1057 nerati
3275 1000 3416 1059 estis
3444 1012 3502 1059 et
3521 1020 3556 1061 e

3064 1109 3144 1167 go
3173 1110 3280 1152 uos
3307 1094 3562 1153 reficiam
3587 1132 3604 1145 ·

3061 1180 3106 1216 ¹⁹
3125 1184 3338 1245 Tollite
3365 1188 3562 1265 iugum
3591 1196 3726 1251 mesi

3065 1298 3237 1357 super
3263 1300 3372 1341 uos
3397 1292 3455 1341 et
3483 1284 3570 1343 dis

3065 1374 3176 1432 cite
3205 1393 3242 1434 a
3269 1394 3364 1435 me
3391 1378 3528 1453 quia
3555 1378 3637 1436 mi

3063 1468 3134 1527 tis
3163 1486 3294 1527 sum
3323 1480 3380 1529 et
3408 1470 3568 1530 humi

3059 1561 3131 1622 lis
3159 1563 3338 1623 corde
3362 1591 3377 1605 ·
3421 1575 3479 1625 et
3507 1564 3570 1624 in

3059 1658 3298 1716 uenietis
3327 1660 3584 1736 requiem

3057 1752 3268 1811 animis
3293 1754 3501 1813 uestris
3523 1784 3538 1799 ·

3057 1842 3102 1876 ³⁰
3117 1845 3330 1923 Iugum
3358 1848 3516 1906 enim
3541 1866 3744 1909 meum

3055 1957 3236 1999 suane
3263 1950 3350 1999 est
3425 1952 3482 2000 et
3511 1960 3660 2003 onus

3053 2051 3252 2092 meum
3279 2034 3409 2095 leue
3435 2045 3525 2095 est
3545 2062 3560 2077 ·
3581 2063 3662 2090 m

3021 2125 3763 2207 *12.¹1ni110temporeabit

3021 2221 3144 2281 *ihs
3171 2224 3425 2283 sabbatis
3451 2244 3556 2301 per

3023 2314 3159 2392 ¹'‘per
3187 2326 3414 2392 segetes
3440 2343 3452 2357 ·
3522 2318 3614 2378 dis

3056 2409 3227 2486 cipuli
3255 2422 3448 2471 autem
3477 2413 3600 2472 eius

3055 2543 3376 2604 esurierunt
3401 2553 3460 2602 et

3049 2648 3368 2714 coeperunt
3390 2637 3538 2698 uelle

3047 2748 3110 2790 re
3140 2731 3328 2807 spicas
3355 2742 3414 2790 et
3441 2749 3582 2792 man

3049 2824 3263 2884 dueare
3283 2851 3298 2866 ·
3343 2822 3366 2856 ¹
3381 2825 3549 2903 phari

3047 2919 3129 2977 sei
3157 2929 3353 2978 autem
3379 2921 3556 2979 uiden

3047 3022 3134 3071 tes
3161 3012 3428 3073 dixerunt
3450 3039 3464 3054 ·

3047 3105 3207 3166 Ecce
3236 3107 3502 3186 discipuli
3529 3109 3612 3167 tui

3047 3199 3266 3260 faciunt
3332 3202 3493 3279 quod

3049 3313 3168 3355 non
3197 3295 3329 3355 licet
3356 3295 3548 3356 facere

3047 3389 3109 3447 in
3137 3390 3382 3448 sabbato
3402 3413 3416 3430 ·
3467 3389 3489 3422 ⁸
3507 3390 3588 3449 At

3047 3483 3176 3559 ipse
3202 3483 3348 3542 dixit
3373 3483 3458 3543 eis
3487 3509 3502 3522 ·

3049 3575 3190 3636 Non
3219 3577 3434 3653 legistis
3460 3577 3601 3654 quid

3047 3669 3186 3730 fecit
3216 3671 3392 3730 dauid
3422 3683 3539 3730 cu-

3047 3764 3241 3824 esuriit
3268 3765 3392 3842 ipse
3420 3775 3480 3824 et

3045 3858 3146 3934 qui
3173 3876 3309 3917 cum
3333 3859 3436 3922 illo
3463 3869 3628 3920 erant
3649 3887 3664 3902 ·

3043 3953 3065 3985 ⁴
3082 3953 3388 4030 quomodo
3415 3954 3562 4013 intra

2259 4040 2674 4104 ”Omniamihi
2693 4041 3019 4105 traditasunt
3041 4047 3124 4105 uit
3149 4048 3210 4105 in
3241 4048 3482 4107 domum
3511 4050 3572 4108 di
3593 4076 3606 4090 ·

2288 4155 2326 4198 a
2353 4148 2515 4214 patre
2543 4156 2682 4197 meo
2705 4165 2722 4178 ·
2781 4149 2838 4198 et
2867 4157 2942 4198 ne

2286 4249 2388 4291 mo
2415 4231 2578 4290 nouit
2605 4231 2786 4291 filium

2286 4325 2395 4384 nisi
2425 4336 2584 4402 pater
2609 4351 2622 4367 ·
2683 4344 2874 4404 neque

2283 4430 2508 4497 patrem
2535 4419 2666 4497 quis
2692 4421 2854 4480 nouit

3041 4151 3098 4201 et
3125 4159 3308 4217 panes
3335 4160 3526 4219 propo

3041 4235 3267 4295 sitionis
3289 4237 3514 4296 mandu

3039 4329 3194 4388 cauit
3217 4353 3230 4368 ·
3276 4329 3436 4406 quod
3469 4348 3596 4390 non

3039 4420 3248 4482 licebat
3273 4423 3327 4482 ei
3355 4425 3582 4484 mandu
