4373 5048
496 522 619 573 1¹01.
640 523 733 573 5⁴.

772 348 855 417 28

772 519 821 555 ⁸⁰
836 519 913 580 Et
938 536 1077 579 ecce
1111 516 1229 577 duo
1256 514 1419 575 caeci

774 615 1043 675 sedentes
1064 628 1233 673 secus

772 709 931 768 uiam
950 738 965 753 ·
1024 704 1327 765 audierunt

774 800 937 878 quod
964 800 1053 859 ihs
1072 799 1276 859 transit
1297 828 1311 844 ·

772 894 852 954 Et
876 893 1349 955 exclamauerunt

774 988 1033 1049 dicentes
1056 1018 1071 1033 ·
1130 986 1217 1045 mi

774 1099 963 1141 serere
990 1080 1161 1141 nobis

772 1174 890 1234 dne
908 1174 988 1233 fili
1015 1171 1191 1232 dauid
1215 1203 1230 1218 ·

772 1268 817 1303 ⁸³
836 1268 1037 1329 Turba
1064 1276 1257 1329 autem
1286 1266 1347 1325 in

774 1363 1049 1439 crepabat
1074 1379 1179 1423 eos

774 1466 841 1515 ut
866 1465 1154 1515 tacerent·
1214 1464 1275 1513 at

776 1548 853 1607 illi
880 1549 1067 1625 magis
1096 1548 1287 1609 clama

774 1644 919 1702 bant
946 1644 1201 1702 dicentes
1223 1672 1239 1689 ·

777 1737 1049 1796 mIserere
1077 1736 1249 1795 nobis

778 1829 895 1888 dne
917 1828 995 1886 fili
1023 1827 1196 1887 dauid
1221 1858 1237 1873 ·

780 1918 919 1980 ”Et
946 1921 1139 1981 statim
1166 1920 1257 1979 ibs
1285 1936 1439 1981 uoca

778 2014 862 2072 uit
889 2030 992 2073 eos
1019 2023 1078 2071 et
1106 2013 1185 2071 ait
1208 2038 1219 2049 ·

781 2105 941 2180 Quid
969 2105 1141 2165 uultis
1167 2114 1231 2165 ut
1258 2103 1369 2165 saci

780 2217 879 2258 am
906 2198 1075 2260 uobis
1093 2229 1108 2244 ·
1152 2198 1195 2231 ³⁸
1212 2197 1411 2259 dicunt

778 2291 860 2351 illi
886 2290 1005 2349 dne
1078 2300 1143 2350 ut
1169 2291 1329 2368 aperi

779 2527 949 2576 antur
976 2515 1129 2576 oculi
1158 2534 1271 2576 nos

780 2610 851 2672 tri
872 2641 887 2657 ·
930 2610 973 2643 ⁸⁴
992 2611 1258 2671 misertus

780 2715 869 2764 est
896 2714 1090 2764 autem
1118 2705 1229 2764 illis
1258 2704 1347 2766 ihs
1370 2735 1385 2752 ·

780 2797 860 2857 Et
890 2799 1075 2876 tetigit
1100 2798 1303 2860 oculos

780 2909 983 2952 eorum
1005 2922 1020 2939 ·
1080 2903 1138 2952 et
1164 2911 1281 2952 con

782 2984 973 3043 festim
1000 2986 1275 3046 uiderunt

784 3078 940 3137 oculi
966 3096 1169 3138 eorum
1239 3089 1299 3138 et

783 3171 967 3231 secuu‘
995 3181 1131 3230 sunt
1156 3189 1294 3231 eum
1394 3171 1493 3224 fine

783 3261 1019 3327 †21.¹Et
1030 3282 1167 3324 cum
1176 3265 1493 3344 adpropias

785 3368 914 3418 sent
934 3357 1226 3435 hierosoly

783 3451 897 3510 mis
920 3483 935 3498 ·
993 3462 1052 3510 et
1080 3452 1238 3512 uenit
1265 3451 1327 3510 in

782 3543 1113 3622 bethphage
1141 3546 1202 3603 in
1231 3563 1373 3605 mon

782 3647 838 3701 te
867 3638 1060 3698 oliueti
1078 3669 1093 3685 ·
1121 3670 1205 3683 --

784 3729 958 3792 Tunc
986 3731 1077 3791 ihs
1105 3733 1262 3792 misit
1290 3732 1371 3793 du

782 3841 853 3884 os
881 3824 1197 3902 discipulos
1226 3845 1297 3885 su

782 3937 851 3978 os
925 3919 1167 3980 ’dicens
1188 3921 1274 3979 eis
1352 3921 1440 3981 Ite

780 4013 845 4072 in
874 4012 1172 4072 castellum
1201 4012 1353 4090 quod

782 4114 986 4165 contra
1014 4123 1126 4165 uos
1153 4116 1242 4165 est
1266 4137 1281 4153 ·

779 4197 858 4257 Et
886 4199 1192 4260 confestim
1220 4200 1354 4262 inue

780 4293 950 4355 nietis
985 4293 1211 4354 asinam

2042 333 2516 409 SECUNDU-

1528 515 1821 593 alligatam
1849 526 1909 576 et
1935 515 2041 593 pul

1528 610 1651 669 lum
1678 628 1815 670 cum
1848 628 1921 669 ea
1998 610 2097 671 sol·

1526 704 1643 765 uite
1671 716 1729 764 et
1756 704 2025 765 adducite

1526 797 1669 855 mihi
1692 830 1707 845 ·
1748 798 1847 857 ’et
1874 798 1923 858 si
1950 800 2081 876 quis

1524 892 1691 952 uobi·
1717 892 1925 953 dixerit
1951 892 2026 953 ali

1527 987 1667 1063 quid
1689 1018 1702 1032 ·
1760 986 1913 1047 dicte
1940 988 2079 1064 quia

1527 1080 1639 1140 dfis
1665 1099 1905 1158 operam
1936 1099 2011 1141 eo

1526 1193 1657 1233 rum
1684 1174 1973 1235 desiderat
1994 1206 2009 1221 ·

1531 1267 1861 1329 Confestim
1896 1278 2095 1331 autem

1526 1363 1775 1422 remittet
1803 1380 1907 1423 eos

1529 1457 1551 1489 ⁴
1569 1455 1709 1515 Hoc
1742 1466 1939 1515 autem
1966 1466 2158 1520 totum

1529 1550 1752 1609 factum
1775 1560 1863 1610 est
1944 1560 2009 1607 ut

1530 1643 1864 1720 impleretur
1891 1644 2045 1720 qu⁰d

1533 1736 1753 1797 dictum
1780 1746 1869 1797 est
1938 1756 2047 1815 per

1534 1830 1823 1908 profetam
1852 1832 2025 1891 dicen

1534 1936 1653 1984 tem
1676 1957 1689 1971 ·
1734 1924 1757 1958 ⁸
1772 1924 1943 1985 dicite
1973 1926 2013 1985 fi

1532 2017 1642 2077 liae
1670 2017 1803 2077 sion
1820 2050 1835 2069 ·
1894 2038 2035 2079 ecce

1532 2129 1633 2171 rex
1662 2122 1795 2173 tuus
1820 2113 1978 2173 uenit
2004 2112 2047 2173 n·

1532 2204 1592 2263 bi
1620 2215 1957 2265 mansuetus

1531 2298 1609 2358 Et
1636 2298 1847 2361 sedens
1873 2318 2047 2379 super

1532 2516 1757 2578 asinam
1785 2527 1843 2577 et
1875 2517 2017 2596 pulsi

1536 2612 1717 2671 filium
1745 2611 1984 2672 iumenti
2002 2643 2017 2658 ·

1535 2706 1557 2738 ⁸
1573 2704 1796 2766 Euntes
1828 2715 2023 2766 autem
2051 2705 2142 2766 dis

1536 2797 1708 2876 cipuli
1738 2798 1998 2860 fecerunt

1538 2893 1685 2952 sicut
1711 2893 1970 2970 precepit
1996 2892 2037 2951 il

1538 2985 1607 3046 lis
1632 2985 1723 3046 ihs
1746 3017 1761 3032 ·
1804 2987 1829 3020 ⁷
1844 2997 1902 3046 et
1928 2985 2127 3048 addux

1542 3091 1710 3139 erunt
1737 3080 1965 3140 asinam

1541 3183 1599 3232 et
1628 3173 1847 3249 pullum
1872 3205 1886 3220 ·
1949 3172 2025 3232 Et
2052 3175 2113 3233 in

1541 3276 1860 3342 posuerunt
1888 3283 1959 3326 su

1541 3376 1647 3436 per
1671 3377 1809 3420 eum
1838 3360 1985 3420 uesti

1538 3463 1737 3511 menta
1764 3469 1871 3512 sua
1949 3462 2009 3512 et
2034 3471 2097 3516 se

1540 3543 1623 3604 dit
1650 3563 1825 3622 super
1853 3563 1989 3606 eum
2008 3577 2023 3592 ·

1537 3639 1559 3673 ⁸
1577 3637 1834 3700 Plurima
1856 3651 2052 3701 autem

1538 3733 1706 3792 turba
1734 3743 1924 3795 straue

1535 3836 1669 3887 runt
1694 3827 1981 3889 uestimen

1538 3929 1598 3979 ta
1628 3939 1732 3980 sua
1759 3921 1821 3982 in
1848 3922 1945 3982 uia
1966 3953 1981 3968 ·
2042 3921 2158 3982 Alii

1538 4025 1733 4076 autem
1764 4015 2009 4074 cedebat

1537 4126 1733 4168 ramos
1764 4107 1836 4168 de
1864 4109 2056 4168 arbori

1536 4201 1644 4262 bus
1672 4211 1729 4260 et
1758 4211 2082 4261 strauerunt

1534 4294 1595 4354 in
1620 4295 1717 4354 uia
1738 4325 1751 4342 ·
1818 4295 2010 4354 'turba
2040 4313 2115 4356 au

2333 524 2456 576 tem
2485 533 2602 593 que
2630 532 2804 593 prece

2333 610 2508 670 debat
2531 642 2546 657 ·
2589 620 2650 671 et
2677 626 2896 687 sequae

2333 706 2547 764 bantur
2575 703 2766 763 clama

2335 800 2478 857 bant
2505 798 2766 857 dicentes

2338 890 2584 951 Osanna
2609 890 2727 949 filio
2756 889 2932 951 dauid
2955 920 2970 935 ·

2335 984 2676 1045 benedictus
2696 984 2798 1061 qui

2335 1078 2498 1137 uenit
2525 1078 2588 1137 in
2615 1078 2856 1138 nomine
3017 1136 3052 1167 ⁶

2338 1172 2440 1232 dni
2463 1202 2478 1219 ·
2541 1188 2580 1231 o
2605 1202 2620 1219 ·
2683 1188 2874 1233 sanna
2899 1170 2964 1229 in

2339 1266 2628 1327 altissimis
2647 1296 2660 1313 ·

2339 1359 2384 1393 ¹⁰
2398 1358 2475 1418 Et
2503 1377 2640 1418 cum
2667 1358 2937 1419 intrasset

2339 1453 2734 1530 hierosolyma
2761 1462 2888 1513 co-

2339 1558 2500 1608 mota
2527 1558 2616 1607 est
2645 1546 2854 1606 uniuer

2341 1660 2406 1703 sa
2436 1642 2640 1702 ciuitas
2716 1641 2921 1700 dicens

2341 1736 2472 1813 quis
2501 1747 2591 1795 est
2617 1734 2712 1795 hic
2745 1766 2760 1781 ·
2801 1734 2846 1767 ¹¹
2869 1744 2963 1793 tur

2343 1832 2418 1891 ba
2445 1840 2638 1890 autem
2668 1828 2890 1889 diceb-t
2911 1859 2927 1875 ·

2344 1923 2462 1983 Hic
2491 1932 2582 1985 est
2607 1912 2700 1981 ihs’
2724 1921 2887 2000 prose

2343 2026 2404 2076 ta
2431 2034 2467 2076 a
2497 2015 2769 2075 nazareth
2804 2034 2884 2093 ga

2343 2110 2509 2171 lileae
2529 2140 2543 2156 ·
2566 2139 2581 2156 ·
2627 2106 2670 2141 ¹²
2687 2120 2746 2168 et
2773 2108 2928 2167 intra

2343 2204 2428 2263 uit
2453 2202 2544 2263 ihs
2571 2202 2632 2261 in
2659 2201 2882 2279 templi!

2345 2296 2405 2357 di
2427 2327 2443 2343 ·
2505 2306 2564 2355 et
2591 2296 2834 2366 eiciebat

2341 2520 2664 2582 uendentes
2691 2531 2750 2581 et
2775 2537 2952 2582 emen

2343 2625 2432 2676 tes
2458 2617 2518 2673 in
2545 2615 2768 2693 templo
2791 2645 2806 2660 ·
2866 2624 2926 2674 et

2344 2727 2583 2770 mensas
2612 2709 2858 2768 numula

2343 2803 2564 2862 riorum
2591 2803 2792 2862 euertit
2814 2832 2828 2847 ·

2345 2907 2404 2957 et
2431 2896 2735 2956 cathedras
2761 2913 2882 2954 uen

2347 2991 2608 3050 dentium
2636 2990 2832 3051 colum

2349 3085 2454 3143 bas
2477 3111 2489 3124 ·
2537 3083 2578 3117 ¹⁸
2595 3083 2674 3142 Et
2699 3083 2842 3142 dixit
2868 3081 2980 3141 illis
3001 3113 3017 3128 ·

2349 3177 2628 3254 scriptum
2653 3187 2742 3237 est
2815 3175 2916 3236 Do

2349 3289 2481 3330 mus
2510 3289 2644 3330 mea
2675 3271 2890 3330 domus

2349 3365 2624 3426 orationis
2651 3363 2862 3424 uocabi

2349 3467 2442 3517 tur
2459 3489 2474 3506 ·
2536 3476 2644 3518 uos
2673 3469 2866 3518 autem

2350 3552 2564 3612 fecistis
2591 3552 2752 3612 illam
2781 3569 2886 3629 spe

2349 3645 2584 3706 luncam
2611 3644 2907 3705 latronu'··

2348 3740 2390 3784 ¹4
2407 3738 2484 3797 Et
2510 3748 2878 3798 accesserunt
2905 3737 2982 3798 ad

2346 3851 2484 3892 eum
2512 3832 2636 3892 ceci
2665 3841 2723 3892 et
2749 3832 2906 3892 clodi

2346 3925 2406 3984 in
2435 3925 2655 4003 templo
2683 3936 2742 3985 et
2769 3943 2914 3986 sana

2345 4019 2427 4077 uit
2459 4037 2563 4079 eos
2586 4050 2600 4066 ·
2643 4017 2898 4080 ¹³Uiden

2345 4121 2432 4171 tes
2459 4124 2653 4173 autem
2682 4113 2866 4191 princi

2343 4223 2449 4282 pes
2477 4207 2849 4266 sacerdotum

2343 4309 2400 4358 et
2429 4300 2652 4359 scribae
2683 4299 2891 4358 mirabi

2766 4393 2842 4452 lia

3273 350 3416 416 [XX.
3437 352 3684 416 go—XXI.
3709 364 3789 401 υ.

3089 530 3204 591 que
3231 510 3368 571 fecit
3433 519 3494 571 et
3517 528 3637 588 pue

3090 624 3190 667 ros
3211 606 3536 667 clamantes

3089 702 3152 760 in
3181 699 3402 777 templo
3426 707 3486 759 et
3511 698 3574 757 di

3092 804 3291 855 centes
3319 824 3335 839 ·
3393 811 3437 853 o
3455 824 3472 839 ·
3519 810 3628 853 san

3093 908 3172 947 na
3199 888 3318 947 filio
3343 886 3522 947 dauid
3543 912 3556 926 ·

3093 980 3394 1059 Indignati
3419 988 3556 1041 sunt

3091 1075 3137 1109 ¹⁸
3154 1086 3212 1136 et
3239 1075 3512 1137 dixerunt
3535 1074 3590 1133 ei
3613 1104 3630 1121 ·

3095 1170 3282 1230 Audis
3310 1168 3454 1245 quid
3479 1169 3572 1229 isti
3598 1166 3660 1229 di

3093 1273 3236 1325 cunt
3255 1294 3270 1311 ·
3333 1263 3438 1321 Ihs
3457 1280 3538 1322 au

3097 1370 3215 1418 tem
3237 1357 3392 1417 dixit
3417 1357 3502 1416 eis
3523 1387 3539 1402 ·
3595 1354 3682 1415 mi

3095 1470 3211 1529 que
3293 1468 3440 1511 num
3467 1467 3610 1509 num

3094 1563 3274 1622 quam
3301 1543 3520 1621 legistis

3095 1645 3240 1717 qt'tm
3267 1656 3344 1697 ex
3371 1654 3476 1697 ore
3507 1635 3676 1707 tufan,

3095 1733 3242 1792 tium
3271 1741 3332 1791 et
3357 1730 3552 1793 lactan

3095 1828 3238 1886 tium
3266 1825 3514 1903 perfecis

3095 1920 3138 1980 ti
3163 1919 3396 1979 laudem
3419 1950 3434 1965 ·
3477 1918 3521 1952 ¹⁷
3535 1927 3596 1979 et

3095 2013 3308 2074 relictis
3335 2012 3445 2071 illis
3473 2012 3570 2071 abi

3094 2109 3138 2168 it
3165 2108 3323 2167 foras
3349 2117 3512 2165 extra
3543 2104 3608 2167 ci.

3095 2203 3334 2263 uitatem
3361 2202 3423 2258 in
3449 2201 3526 2259 be

3095 2296 3356 2358 thaniam
3383 2302 3441 2355 et
3468 2310 3608 2354 man

3097 2389 3170 2450 sit
3197 2389 3276 2447 ibi
3300 2417 3315 2434 ·
3358 2384 3404 2419 ²⁸
3423 2386 3608 2446 Mane

3097 2531 3292 2582 autem
3319 2537 3484 2579 reuer

3099 2627 3228 2674 tens
3255 2615 3317 2673 in
3345 2613 3627 2674 ciuitate?

3099 2709 3328 2768 esuriit·
3387 2707 3433 2740 ¹⁹
3449 2717 3510 2766 et
3536 2707 3604 2764 ui·

3102 2803 3248 2862 dens
3277 2801 3371 2860 fici
3399 2801 3606 2860 arbore

3101 2913 3282 2955 unam
3311 2912 3482 2954 secus
3509 2892 3670 2952 uia--

3101 2989 3264 3050 uenit
3289 2989 3366 3047 ad
3394 3005 3531 3046 eam
3551 3016 3567 3033 ·
3631 2995 3695 3046 et

3102 3082 3240 3141 nihil
3267 3081 3490 3142 inuenit
3516 3080 3580 3138 in

3102 3195 3174 3236 ea
3201 3175 3312 3234 nisi
3339 3174 3476 3234 folia
3505 3183 3607 3232 tan

3101 3279 3260 3338 tum·
3325 3277 3384 3328 et
3409 3269 3490 3328 ait
3515 3267 3596 3326 illi

3101 3380 3424 3440 numquam
3453 3379 3528 3420 ex
3555 3370 3612 3420 te

3101 3457 3320 3516 fructus
3349 3465 3619 3514 nascatur

3099 3553 3156 3610 in
3189 3550 3604 3628 sempiternum
3623 3577 3638 3594 ·

3101 3644 3180 3704 Et
3207 3642 3458 3704 arefacta
3483 3652 3570 3702 est
3597 3659 3726 3710 con.

3101 3741 3266 3799 tinuo
3292 3737 3546 3797 ficulnea
3564 3767 3579 3782 ·

3099 3831 3145 3866 ²⁰
3161 3831 3237 3891 Et
3263 3831 3528 3890 uidentes
3549 3829 3775 3906 discipu

3100 3926 3138 3985 li
3167 3926 3354 3984 mirati
3383 3934 3517 3984 sunt
3545 3924 3608 3983 di

3099 4030 3296 4079 centes
3321 4049 3335 4065 ·
3395 4033 3618 4095 quomo

3099 4113 3180 4172 do
3208 4112 3488 4172 continuo
3515 4128 3620 4169 aru

3097 4205 3140 4264 it
3161 4205 3412 4265 ficulnea
3430 4236 3445 4251 ·
3488 4201 3532 4238 ⁸²
3551 4203 3674 4262 Res

3097 4298 3368 4376 pondens
3397 4307 3588 4358 autem

3094 4393 3186 4452 ihs
3214 4393 3292 4451 ait
3319 4391 3428 4452 illis
3451 4423 3465 4438 ·
3527 4391 3722 4450 Amen

3817 512 3952 566 1¹01.
3977 512 4094 564 55.
