4373 5048
749 271 833 336 88

450 461 574 513 τοι.
591 463 707 513 118.
754 450 1242 511 descendentibus

754 546 865 604 illis
892 544 965 604 de
994 554 1197 603 monte

756 640 1007 700 occurrit
1034 639 1114 698 illi
1140 648 1233 697 tur

757 735 835 792 ba
860 732 1045 791 multa
1063 764 1078 779 ·
1120 731 1259 791 ”Et
1286 749 1390 791 cce

756 826 848 886 uir
873 826 945 886 de
974 828 1145 885 turba
1169 825 1338 885 excla

758 920 941 980 mauit
969 919 1169 980 dicens
1188 952 1203 967 ·
1273 937 1373 979 ma

758 1015 934 1091 gister
960 1016 1117 1073 bone
1155 1015 1299 1073 obse

760 1126 864 1169 cro
891 1117 947 1167 te
1019 1107 1273 1185 Respice
1302 1108 1365 1166 in

760 1202 944 1261 filium
972 1219 1167 1261 meum
1194 1202 1333 1279 quia

760 1296 971 1355 unicus
996 1306 1083 1355 est
1110 1296 1255 1354 mihi
1273 1326 1288 1343 ·

761 1388 807 1422 ⁸⁰
821 1387 899 1447 Et
926 1408 1063 1450 ecce
1090 1390 1323 1467 spiritus
1350 1390 1412 1447 in

761 1482 1015 1541 mundus
1042 1483 1219 1561 adpre

762 1574 939 1635 hendi
966 1576 1129 1636 illum
1196 1576 1274 1635 Et
1300 1593 1374 1636 su

762 1670 887 1729 bito
917 1670 1127 1730 clamat
1153 1680 1211 1729 et
1238 1669 1312 1729 eli

766 1764 847 1823 dit
873 1774 930 1823 et
958 1763 1200 1841 dissipat
1225 1770 1301 1823 eii

767 1876 906 1918 cum
935 1876 1144 1935 spuma
1210 1858 1289 1915 Et
1314 1858 1416 1917 uix

766 1951 1010 2011 discedit
1036 1953 1112 2010 ab
1140 1952 1236 2011 illo
1264 1952 1325 2011 di

767 2044 995 2105 lanians
1022 2064 1158 2104 eum
1178 2076 1193 2091 ·
1234 2044 1355 2105 ⁴⁰et

768 2140 973 2216 rogaui
1000 2138 1315 2216 discipulos

768 2242 903 2293 tuos
930 2242 993 2293 ut
1018 2234 1228 2293 eiciant
1267 2234 1306 2292 il

769 2327 891 2387 lum
917 2337 975 2388 et
1003 2338 1116 2386 non
1143 2336 1453 2405 potuerunt

769 2553 813 2587 ⁴¹
832 2551 1223 2632 Respondens
1252 2563 1444 2614 autem

772 2647 863 2706 ihs
890 2647 1067 2706 dixit·
1112 2665 1152 2708 o
1177 2679 1191 2695 ·
1236 2667 1452 2724 genera

772 2743 855 2802 tio
884 2740 1130 2802 infidelis
1197 2751 1255 2801 et
1281 2761 1385 2818 per

773 2853 946 2896 uersa
1012 2853 1198 2914 usque
1228 2853 1348 2913 quo
1374 2853 1409 2894 e

773 2947 843 2988 ro
872 2929 1027 3007 apud
1052 2947 1162 2988 uos
1189 2938 1246 2989 et
1273 2930 1459 3007 patiar

773 3041 883 3083 uos
908 3055 923 3070 ·
994 3023 1183 3083 adduc
1211 3022 1326 3084 huc
1355 3023 1475 3083 filiii

774 3127 973 3176 tuum·
1018 3115 1276 3177 ⁴2Adhuc
1304 3123 1437 3177 aute

775 3211 1045 3269 ueniente
1071 3210 1203 3286 ipso
1228 3211 1377 3270 elisit

774 3303 935 3362 illum
956 3302 1296 3363 demonium

776 3407 837 3457 et
862 3395 1161 3475 dissipauit
1179 3430 1194 3445 ·
1252 3398 1331 3456 Et
1359 3398 1420 3457 in

778 3493 1039 3569 crepauit
1065 3492 1155 3552 ihs
1182 3498 1316 3570 spm
1342 3493 1405 3553 in

775 3586 1061 3646 mundum
1127 3595 1185 3646 et
1213 3605 1359 3647 sana

777 3681 863 3740 uit
890 3698 1137 3757 puerum
1155 3712 1171 3728 ·
1240 3681 1319 3740 Et
1356 3682 1459 3742 red

779 3771 922 3834 didit
951 3774 1111 3833 illum
1139 3777 1288 3852 patri
1314 3777 1439 3836 eius
1462 3808 1477 3824 ·

777 3867 823 3901 ‘⁸
840 3869 1147 3945 stupebant
1168 3879 1361 3929 autem
1378 3889 1477 3930 om

776 3980 883 4022 nes
912 3963 974 4020 in
1000 3964 1327 4040 magnitudi

777 4073 915 4115 nem
943 4055 1004 4114 di
1020 4087 1035 4103 ·
1104 4058 1381 4117 omnibus

777 4168 891 4228 que
919 4151 1258 4210 mirantibus
1286 4169 1355 4210 su

777 4265 883 4322 per
907 4246 1181 4307 omnibus
1208 4263 1358 4324 quae

777 4337 1025 4399 faciebat
1052 4340 1141 4400 ihs
1170 4372 1185 4387 ·
1233 4340 1398 4400 Dixit

779 4433 855 4493 ad
876 4434 1189 4513 discipulos
1218 4452 1357 4495 suos

778 4529 1030 4604 ⁴¹ponite
1048 4546 1347 4590 sermones
1366 4527 1478 4590 hos

2106 270 2347 334 SECD
2371 302 2386 317 ·

1508 450 1570 507 in
1598 448 1831 508 auribus
1858 448 2065 507 uestris
2088 478 2103 494 ·

1508 560 1648 602 nam
1677 542 1826 601 filius
1854 542 2107 602 hominis

1508 636 1761 696 tradetur
1788 637 1850 695 in
1875 655 2087 696 manus

1508 727 1815 789 hominum
1835 762 1849 776 ·
1893 730 1939 763 ⁴⁶
1956 740 2015 789 at
2043 730 2121 790 illi
2150 730 2212 808 ig

1510 826 1797 883 norabant
1824 827 2068 883 uerbum

1510 917 1664 977 istud
1684 948 1697 963 ·
1767 927 1826 976 et
1850 927 1972 976 erat
1999 918 2192 978 uelata

1510 1020 1646 1070 ante
1674 1012 1834 1088 ipsos
1862 1022 1925 1071 ut
1946 1030 2069 1071 non
2087 1031 2192 1073 sen

1510 1108 1681 1163 tirent
1710 1137 1725 1153 ·
1778 1096 1842 1164 'et
1868 1106 2147 1166 timebant

1512 1200 1859 1277 interrogare
1889 1200 1961 1260 de
1988 1201 2105 1261 hoc

1512 1295 1695 1353 uerbo
1716 1325 1731 1339 ·
1773 1293 2069 1354 ⁴⁸Intrauit
2098 1313 2173 1354 au

1514 1397 1633 1446 tem
1664 1388 1939 1464 cogitatio
1967 1390 2028 1447 in
2055 1390 2140 1448 eis
2171 1422 2184 1436 ·

1514 1481 1646 1559 quis
1663 1481 1723 1539 in
1741 1482 1825 1540 eis
1842 1481 2028 1541 maior
2048 1492 2200 1541 esset

1513 1573 1738 1633 ⁴⁷Atihs
1747 1573 1951 1633 uidens
1960 1577 2195 1651 cogitati

1514 1686 1661 1727 ones
1688 1668 1879 1728 cordis
1907 1669 2135 1729 illorum

1515 1761 1955 1839 adprehendens
1982 1782 2097 1842 pue

1514 1874 1645 1914 rum
1674 1858 1866 1916 statuit
1894 1876 2062 1918 secus
2090 1877 2152 1918 se
2172 1890 2188 1905 ·

1514 1949 1615 2008 ⁴‘'et
1631 1951 1734 2009 ait·
1764 1952 2113 2029 quicumque
2131 1972 2202 2013 ac

1516 2044 1716 2121 ciperit
1743 2063 1987 2121 puerum
2004 2048 2115 2106 istii

1517 2138 1577 2196 in
1606 2140 1844 2197 nomine
1872 2158 2008 2200 meo
2075 2160 2171 2200 me

1518 2233 1735 2309 recepit
1752 2264 1767 2279 ·
1830 2242 1887 2292 et
1915 2236 2151 2312 quicum

1518 2344 1632 2402 que
1659 2344 1753 2385 me
1781 2330 2057 2404 receperit
2080 2360 2095 2375 ·

1519 2438 1641 2480 non
1668 2440 1762 2481 me
1790 2422 1993 2499 recipit
2020 2423 2123 2482 sed

1520 2571 1657 2612 eum
1683 2554 1785 2631 qui
1812 2573 1907 2612 me
1936 2555 2091 2615 misit
2114 2587 2129 2602 ·

1522 2645 1680 2705 Nam
1701 2647 1801 2724 qui
1827 2648 2019 2708 minor
2043 2659 2131 2708 est

1520 2740 1667 2799 inter
1694 2759 1899 2801 omnes
1928 2760 2038 2802 uos
2063 2775 2077 2789 ·

1524 2832 1619 2893 hic
1647 2834 1834 2893 maior
1859 2836 1963 2896 erit
1988 2868 2001 2883 ·

1522 2927 1569 2962 ⁴⁹
1586 2927 1977 3005 Respondens
2006 2940 2202 2991 autem

1526 3021 1809 3081 iohannes
1838 3023 1981 3084 dixit
2004 3056 2019 3071 ·
2063 3044 2165 3102 pre

1526 3123 1727 3190 ceptor
1754 3116 2005 3178 uidimus

1527 3208 1820 3286 quendam
1850 3210 1906 3268 in
1937 3214 2101 3271 nomi

1529 3319 1603 3360 ne
1630 3311 1733 3360 tuo
1760 3303 2065 3364 eicientem

1529 3394 1839 3456 daemonia
1858 3430 1872 3443 ·
1934 3407 1990 3458 et
2017 3401 2186 3476 prohi

1529 3489 1759 3549 buimus
1786 3509 1923 3551 eum
1950 3496 2087 3571 quia

1528 3601 1651 3642 non
1679 3587 1933 3662 sequitur
1962 3605 2041 3647 no

1528 3677 1755 3737 biscum
1778 3711 1793 3726 ·
1836 3679 1882 3713 ⁵⁰
1896 3681 1973 3740 Et
2000 3683 2079 3742 ait
2096 3682 2171 3742 ad
2189 3683 2225 3741 il

1527 3769 1616 3831 los
1645 3771 1733 3832 ihs
1752 3805 1767 3820 ·
1832 3775 2007 3834 nolite
2036 3794 2144 3853 pro

1528 3863 1723 3926 hibere
1784 3869 1885 3946 qui
1912 3871 2069 3929 enim
2096 3881 2212 3929 n0n

1527 3969 1615 4017 est
1631 3960 1907 4020 aduersus
1934 3982 2045 4023 uos

1530 4071 1638 4128 pro
1668 4056 1838 4114 uobis
1864 4067 1951 4115 est
1969 4083 2051 4109 m

1480 4141 1510 4175 ¹⁸¹
1533 4144 1576 4178 ⁵¹
1600 4146 1842 4207 Factum
1868 4161 1955 4210 est
1981 4143 2175 4212 autem

1480 4237 1509 4270 '¹‘
1532 4240 1673 4300 dum
1701 4245 2013 4322 conpleren

1529 4344 1621 4399 tur
1647 4336 1767 4396 dies
1797 4337 2048 4398 adsumti

1528 4431 1661 4490 onis
1688 4432 1812 4492 eius
1832 4463 1847 4479 ·
1890 4433 1967 4492 Et
1995 4435 2121 4512 ipse

1528 4526 1738 4587 faciem
1766 4545 1932 4589 suam
1960 4529 2125 4589 firma

2315 446 2399 505 uit
2427 457 2492 504 ut
2519 444 2664 504 hiret
2691 444 2855 505 hieru

2318 540 2498 599 salem
2521 572 2536 587 ·
2580 538 2626 573 ⁶²
2640 540 2719 598 Et
2745 540 2902 599 misit

2317 636 2557 694 nuntios
2587 644 2721 693 ante
2751 651 2868 695 con

2317 737 2580 805 spectum
2603 745 2775 787 suum
2799 758 2814 774 ·

2315 821 2393 880 Et
2419 832 2620 881 euntes
2648 823 2869 881 intraue

2317 925 2450 975 runt
2480 916 2541 973 in
2570 916 2802 975 ciuitate
2831 934 2898 977 sa

2316 1010 2734 1070 maritanorum
2757 1040 2772 1057 ·

2316 1104 2484 1181 quasi
2502 1104 2742 1181 paraturi
2765 1104 2868 1163 illi·
2897 1103 3020 1163 ”Et

2318 1215 2443 1256 non
2470 1208 2809 1275 receperunt

2318 1291 2478 1350 illum
2508 1293 2644 1369 quia
2663 1291 2840 1352 facies

2317 1386 2442 1444 eius
2469 1396 2593 1445 erat
2620 1386 2808 1445 euntis
2835 1385 2896 1445 hi

2317 1479 2602 1539 erusalem
2621 1512 2634 1527 ·
2679 1481 2888 1540 “Cum

2317 1572 2596 1633 uidissent
2625 1583 2818 1633 autem

2319 1666 2586 1744 discipuli
2613 1668 2738 1727 eius
2761 1700 2778 1715 ·
2849 1668 2980 1729 iaco

2321 1764 2431 1820 bus
2459 1772 2516 1820 et
2544 1762 2830 1821 iohannes

2323 1855 2589 1916 dixerunt
2610 1888 2625 1903 ·
2669 1855 2802 1916 Dr'ie
2825 1858 2913 1916 uis

2321 1948 2569 2009 dicimus
2635 1959 2700 2009 ut
2727 1950 2880 2026 ignis

2321 2043 2634 2103 descendat
2661 2044 2732 2103 de
2761 2044 2922 2105 caelo

2323 2156 2497 2214 super
2523 2137 2654 2197 illos
2681 2148 2738 2197 et
2766 2156 2886 2198 con

2323 2240 2573 2289 summat
2601 2231 2731 2291 illos
2751 2264 2766 2279 ·
2831 2232 2879 2291 si

2323 2335 2422 2385 cut
2451 2325 2629 2385 helias
2646 2325 2780 2385 fecit

2322 2419 2368 2453 ⁶⁸
2387 2418 2466 2478 Et
2493 2438 2807 2481 conuersus
2841 2420 2998 2481 incre

2324 2552 2486 2629 pauit
2503 2551 2632 2612 illos
2649 2552 2742 2612 ihs
2757 2563 2815 2612 et
2833 2552 3026 2611 dixit-

2324 2647 2560 2706 nescitis
2589 2647 2753 2706 cuius
2782 2652 2883 2722 sps
2915 2648 2962 2706 si

2325 2741 2396 2799 tis
2415 2771 2430 2786 ·
2473 2740 2672 2799 “filius
2688 2741 2846 2799 enim
2862 2741 3027 2800 homi

2328 2834 2418 2893 nis
2447 2853 2571 2893 non
2599 2832 2746 2893 uenit
2775 2834 3000 2894 animas

2330 2927 2637 2987 hominum
2667 2929 2904 3006 perdere

2330 3022 2432 3080 sed
2460 3022 2680 3082 saluare
2700 3054 2714 3070 ·
2757 3032 2816 3082 et
2843 3023 2974 3081 abie

2329 3125 2464 3173 runt
2491 3116 2550 3174 in
2573 3116 2728 3175 aliud
2755 3117 2991 3176 castelli-1
3013 3147 3028 3162 ·

3379 278 3497 345 [IX.
3519 284 3694 349 37-X.
3721 282 3774 340 6.

3071 446 3151 505 ire
3179 456 3238 505 et
3265 446 3490 507 semiim
3519 452 3683 524 patre
3798 462 3934 510 ποι
3955 462 4077 509 114.

3070 558 3267 600 meum
3292 572 3307 588 ·
3349 540 3394 577 ⁸⁰
3410 542 3551 601 dixit
3579 547 3713 601 aute

3069 636 3124 695 ei
3153 634 3243 694 ihs
3264 667 3278 683 ·
3351 637 3475 695 sine
3505 646 3700 697 mortu

3071 747 3141 789 os
3170 728 3408 807 sepelire
3437 741 3654 790 mortu-

3070 840 3140 882 os
3169 842 3310 884 suos
3330 855 3347 871 ·
3405 835 3468 883 tu
3495 834 3691 884 autem

3069 918 3220 976 uade
3247 918 3528 977 adnuntia
3555 937 3660 995 reg

3071 1030 3214 1070 num
3235 1012 3294 1069 di
3312 1043 3326 1058 ·
3369 1010 3490 1071 “Et
3517 1013 3596 1071 ait
3617 1011 3754 1072 alter

3071 1123 3279 1183 sequar
3305 1114 3362 1165 te
3391 1106 3504 1165 dfie
3529 1137 3543 1153 ·
3621 1108 3728 1166 sed

3071 1200 3326 1276 primum
3354 1201 3619 1277 permitte

3069 1294 3213 1352 mihi
3242 1295 3504 1353 nuntiare
3533 1293 3624 1354 his

3071 1388 3171 1465 qui
3194 1386 3355 1445 domi
3375 1397 3509 1447 sunt
3531 1419 3546 1434 ·
3571 1386 3614 1423 ⁸¹
3629 1388 3775 1449 dixit

3071 1491 3270 1539 autem
3296 1480 3385 1539 ihs
3415 1481 3490 1540 ad
3517 1482 3678 1541 illum
3697 1514 3713 1531 ·

3073 1592 3251 1634 nemo
3277 1576 3593 1652 respiciens
3621 1594 3683 1635 re

3075 1679 3163 1728 tro
3233 1670 3466 1729 mittens
3495 1676 3676 1729 mansi

3073 1763 3135 1820 in
3166 1772 3422 1821 aratrum
3483 1762 3692 1825 habilis

3073 1866 3162 1915 est
3191 1856 3253 1915 in
3278 1874 3464 1934 regno
3493 1858 3554 1915 di
3577 1890 3591 1903 ·
3609 1890 3698 1903 —

3075 1950 3778 2013 10.¹Posthaecautemde

3077 2045 3330 2121 signauit
3359 2047 3470 2105 diis
3495 2056 3552 2105 et
3579 2047 3728 2107 alios

3075 2141 3440 2216 septuaginta
3463 2172 3478 2187 ·
3528 2151 3585 2200 et
3612 2143 3694 2199 mi

3075 2234 3146 2292 sit
3163 2233 3292 2292 illos
3307 2234 3469 2293 binos
3486 2246 3618 2294 ante
3629 2234 3776 2295 facie

3075 2344 3242 2386 suam
3262 2329 3324 2387 in
3343 2347 3581 2388 omnem
3597 2329 3736 2389 loesi
3757 2360 3772 2376 ·

3074 2431 3132 2479 et
3153 2422 3444 2481 ciuitatem
3514 2441 3636 2501 quo
3653 2433 3777 2483 erat

3074 2563 3352 2614 uenturus
3374 2586 3389 2601 ·
3449 2553 3472 2587 ²
3487 2557 3615 2615 dice

3077 2648 3176 2706 bat
3202 2657 3396 2707 autem
3425 2649 3502 2708 ad
3529 2650 3657 2709 illos
3675 2681 3690 2696 ·

3077 2742 3282 2801 messis
3310 2742 3545 2818 quidem
3573 2762 3650 2803 co

3076 2836 3245 2913 piosa
3263 2867 3278 2882 ·
3338 2838 3584 2914 operarii
3620 2856 3698 2898 au

3079 2938 3198 2988 tem
3226 2931 3400 3007 pauci
3423 2961 3438 2977 ·
3507 2942 3710 3008 rogate

3080 3041 3222 3100 ergo
3242 3024 3385 3083 dfim
3413 3024 3615 3085 messis

3078 3127 3144 3176 ut
3170 3119 3357 3176 mittat
3390 3121 3617 3196 operari

2331 3209 2376 3243 ⁸⁷
2385 3209 2628 3269 Factum
2638 3221 2724 3269 est
2734 3221 2926 3271 autern
2935 3228 3053 3270 eun
3079 3229 3150 3270 os
3168 3211 3228 3269 in
3248 3230 3498 3272 messem
3517 3230 3682 3272 suam
3700 3239 3784 3268 φ,

2331 3304 2484 3362 tibus
2507 3305 2615 3363 illis
2633 3305 2690 3364 in
2711 3305 2808 3364 uia
2826 3336 2840 3352 ·
2885 3305 3030 3365 dixit
3049 3303 3104 3337 *⁸
3122 3303 3207 3363 Ite
3234 3325 3372 3365 ecce
3398 3325 3514 3384 ego
3543 3309 3648 3368 mit

2332 3397 2571 3475 quidam
2599 3398 2675 3457 ad
2701 3400 2864 3458 illum
2887 3431 2900 3446 ·
2955 3399 3028 3458 Se
3049 3396 3145 3459 *to
3173 3418 3283 3459 uos
3312 3403 3459 3460 sicut
3485 3421 3562 3480 ag

2333 3508 2484 3570 quor
2513 3503 2566 3552 te
2595 3511 2970 3571 quocumque
3051 3490 3197 3552 *nos
3227 3495 3372 3554 inter
3398 3495 3570 3572 lupos
3602 3527 3618 3544 ·

2333 3585 2499 3645 hieri⁸
2527 3586 2639 3646 dfie
2703 3587 2819 3648 ”et
2848 3588 2926 3647 ait
2953 3588 3032 3647 illi

2333 3679 2422 3738 ihs
2443 3711 2457 3726 ·
2517 3680 2722 3758 uulpes
2749 3681 2949 3742 foueas

2332 3774 2580 3834 habent·
2627 3784 2684 3834 et
2711 3776 2974 3836 uolucres

2332 3869 2474 3929 caeli
2506 3870 2678 3929 nidos
2705 3870 2804 3929 ubi
2831 3872 2994 3948 requi

2333 3971 2533 4022 escant
2551 3995 2565 4009 ·
2616 3963 2774 4022 Nam
2804 3964 2952 4024 filius

2335 4055 2588 4114 hominis
2617 4075 2739 4117 non
2767 4057 2941 4117 habet

2335 4151 2436 4208 ubi
2464 4151 2657 4227 capud
2684 4151 2933 4210 declinet
2955 4183 2970 4198 ·

2333 4243 2378 4278 ⁵⁹
2390 4244 2550 4303 Dixit
2559 4255 2750 4305 autem
2759 4247 2836 4305 ad
2853 4246 3036 4306 alterii

2338 4357 2577 4417 sequere
2605 4358 2700 4400 me
2720 4372 2735 4387 ·
2799 4341 2891 4400 ille
2919 4361 2994 4401 au

2336 4444 2454 4493 tem
2484 4433 2626 4492 dixit
2692 4435 2804 4493 dr‘ie
2834 4455 2938 4513 per

2337 4529 2495 4587 mitte
2524 4527 2664 4588 mihi
2692 4527 2948 4605 primum

3082 3588 3106 3619 ⁴
3123 3588 3298 3647 nolite
3327 3601 3557 3666 portare

3084 3683 3382 3741 sacculum
3401 3715 3415 3729 ·
3474 3701 3615 3760 neqs

3082 3793 3280 3851 peram
3304 3807 3319 3822 ·
3380 3795 3570 3852 neque
3597 3776 3687 3836 cal

3085 3870 3374 3929 ciamenta
3396 3902 3409 3916 ·
3453 3871 3533 3930 Et
3559 3889 3635 3930 ne

3085 3965 3305 4023 minem
3332 3983 3436 4041 per
3464 3966 3622 4024 uiam

3086 4058 3463 4117 salutaueritis
3483 4091 3498 4106 ·
3541 4059 3564 4093 ³
3581 4059 3643 4117 in

3085 4168 3454 4229 quacumque
3481 4153 3563 4212 do

3086 4264 3248 4305 mum
3278 4249 3528 4323 primum
3561 4249 3622 4304 in

3084 4340 3367 4400 traueritis
3387 4371 3402 4387 ·
3473 4340 3647 4399 dicite

3086 4453 3202 4512 pax
3228 4435 3364 4494 huic
3393 4434 3597 4494 domui
3620 4465 3635 4480 ·

3087 4530 3172 4588 “et
3188 4531 3235 4588 si
3253 4529 3330 4588 ibi
3362 4527 3528 4588 fuerit
3557 4527 3707 4587 filius
