4373 5048
1575 418 2029 481 EDITORIS
2078 420 2209 481 No
2218 418 2443 479 TULA
2456 420 2538 482 Ε.
3289 436 3311 479 1
3325 438 3410 505 49

708 595 828 649 Fol.
868 590 974 647 248
1011 592 1067 647 b.
1127 592 1201 647 In
1247 592 1430 662 capite
1462 594 1722 663 paginae
1761 554 1992 661 scr-ipsit
2031 607 2104 644 ηι
2147 604 2180 643 2
2229 589 2392 645 lectio
2432 590 2489 645 in
2532 588 2843 645 domeneca
2884 588 2943 645 in
2986 589 3170 661 prima
3217 608 3411 662 pasca.

851 690 936 746 39.
974 676 1229 731 auferens
1253 692 1328 729 m.
1342 679 1426 745 p.,
1452 675 1712 731 adferens
1737 692 1811 729 m.
1838 690 1888 729 2.
1961 674 2153 745 ponda
2178 690 2253 727 ηι
2267 677 2351 743 μ,
2375 673 2563 743 pondo
2586 690 2660 727 m.
2688 688 2737 727 2.

710 773 827 829 Fol.
855 772 962 827 249
987 774 1042 827 b.
1091 772 1180 827 20.
1205 772 1256 826 8.
1291 782 1684 826 mnumentum
1720 786 1794 825 ηι
1807 773 1892 841 μ,
1917 787 1953 824 o
1975 772 2251 840 superscr.
2275 786 2419 824 corr.
2444 786 2519 823 m.
2532 773 2599 839 p.
2690 783 2772 823 12.
2809 770 3071 826 sedentes
3106 772 3173 825 in
3202 787 3413 825 rasura

852 856 1128 926 scr-aptum
1151 860 1236 909 est
1257 872 1296 907 a
1320 870 1396 909 m.
1409 857 1474 925 p.

713 952 832 1007 Fol.
870 951 993 1007 250.
1047 964 1128 1019 17.
1164 968 1200 1005 o
1234 952 1302 1005 in
1337 949 1586 1005 ascendo
1619 952 1685 1003 in
1721 966 1933 1004 rasura
1965 950 2184 1020 scripta
2218 954 2305 1003 est
2336 966 2375 1001 a
2410 964 2483 1003 m.
2498 950 2565 1018 p.
2636 948 2713 1003 In
2746 950 2931 1019 capite
2951 951 3213 1020 paginae
3244 954 3419 1021 super

851 1034 1113 1089 dextram
1147 1034 1468 1089 columnam
1503 1034 1736 1105 scripsit
1767 1050 1842 1087 ηι
1883 1051 1910 1085 2
1962 1033 2128 1087 lectio
2153 1034 2211 1087 in
2235 1033 2403 1103 plena
2429 1030 2497 1101 (ἰ)
2543 1048 2717 1102 pasca
2753 1032 2883 1087 diae
2920 1033 3327 1089 dominicarum
3352 1042 3421 1090 ut

856 1118 1005 1171 milti
1042 1118 1316 1183 uidetur,·
1347 1118 1452 1171 sed
1477 1117 1766 1187 scriptura
1802 1116 2049 1187 difficilis
2086 1116 2233 1171 lectu
2266 1120 2351 1171 est
2364 1136 2388 1170 .·
2422 1116 2611 1169 eadem
2651 1132 2859 1170 manus
2900 1122 3034 1171 ante
3072 1118 3195 1173 Iam
3230 1134 3289 1173 v.
3334 1132 3415 1187 19,

841 1203 1046 1273 posuit
1066 1202 1118 1270 †‚
1142 1202 1382 1255 initium
1408 1201 1678 1255 lectionis.
1757 1200 1839 1257 18.
1876 1198 2135 1271 dicipulis
2161 1216 2237 1254 m.
2249 1202 2335 1271 p.,
2361 1216 2388 1253 s
2412 1203 2687 1269 superscr.
2712 1216 2856 1254 corr.
2882 1216 2957 1253 m.
2970 1203 3037 1271 p.

715 1297 836 1353 Fol.
859 1296 966 1352 250
989 1298 1044 1352 b.
1085 1296 1344 1351 Sinistra
1365 1296 1541 1351 huius
1563 1298 1820 1368 paginae
1841 1296 2105 1351 columna
2126 1301 2249 1350 tota
2284 1296 2350 1350 in
2373 1312 2585 1349 rasura
2605 1296 2819 1366 scripta
2842 1302 2927 1349 est
2946 1313 2985 1349 a
3009 1312 3083 1350 m.
3091 1299 3158 1367 p.
3166 1316 3201 1362 ,·
3236 1298 3420 1352 scriba

855 1382 1006 1435 enim
1039 1397 1217 1451 quum
1240 1384 1355 1451 per
1383 1382 1672 1435 incuriam
1697 1382 1958 1450 primam
1992 1380 2316 1434 columnam
2354 1380 2413 1433 F
2406 1379 2513 1432 olii
2544 1392 2649 1447 249
2677 1379 2710 1432 b
2740 1380 2949 1433 iterum
2977 1382 3416 1452 perscripsisset,

855 1480 1020 1519 erasa
1041 1481 1150 1519 sua
1174 1466 1359 1535 ipsius
1383 1481 1560 1518 manu
1584 1465 1890 1534 scriptura,
1915 1481 1981 1518 ea
2005 1480 2148 1533 quae
2170 1479 2326 1517 nunc
2347 1462 2626 1533 leguntur
2644 1462 2815 1516 uerba
2836 1463 3041 1518 ibidem
3056 1466 3274 1534 posuit.

718 1554 764 1607 F
767 1553 840 1607 ol.
865 1552 989 1607 251.
1039 1565 1125 1619 27.
1151 1553 1268 1607 afer
1291 1568 1366 1606 m.
1380 1556 1462 1623 μ,
1487 1552 1517 1606 ί
1533 1554 1808 1622 superscr.
1824 1568 1968 1606 corr.
1993 1568 2068 1605 m.
2081 1554 2146 1621 p.
2185 1565 2271 1620 30.
2300 1568 2360 1605 sc
2384 1551 2481 1605 bta
2504 1554 2731 1603 tantum
2753 1567 2828 1605 ex
2848 1550 3056 1607 scribta
3073 1552 3230 1622 quod
3244 1555 3418 1625 smp-

856 1640 1012 1689 serat
1033 1652 1107 1689 m.
1120 1638 1204 1706 p.,
1229 1635 1519 1706 superfuit
1520 1653 1554 1702 ,·
1588 1652 1725 1689 nam
1749 1635 1904 1689 inter
1925 1652 1958 1689 c
1981 1640 2038 1688 et
2059 1636 2096 1689 b
2123 1632 2451 1687 membrana
2463 1634 2663 1704 periit.

857 1719 946 1773 21.
977 1734 1023 1773 1.
1059 1728 1178 1773 tem
1197 1738 1226 1775 s
1251 1720 1337 1787 (in
1361 1730 1552 1775 autem
1575 1718 1659 1786 se)
1677 1720 1743 1772 in
1762 1735 1972 1772 rasura
1989 1719 2269 1787 scriptum
2285 1722 2371 1772 est
2384 1734 2421 1770 a
2441 1734 2514 1770 ηι
2528 1719 2596 1787 μ
2646 1732 2697 1771 2.
2736 1716 2883 1773 simn
2900 1733 2975 1772 m.
2989 1720 3072 1787 p.,
3092 1735 3128 1772 o
3145 1722 3421 1789 superscr.

857 1818 1002 1857 corr.
1029 1818 1102 1857 m.
1118 1805 1181 1872 p.

721 1898 840 1953 Fol.
868 1898 970 1954 251
997 1898 1054 1953 b.
1102 1898 1392 1969 discipulis
1425 1898 1734 1967 scripserat
1767 1913 1841 1950 m.
1864 1901 1949 1967 p.,
1987 1902 2056 1951 ut
2088 1896 2293 1951 credo:
2327 1895 2431 1950 sed
2456 1898 2614 1951 inter
2647 1912 2675 1951 s
2709 1901 2767 1950 et
2800 1914 2838 1967 p
2876 1894 3201 1951 membrana
3222 1900 3421 1969 periit.

859 1994 911 2049 3.
935 1998 1022 2036 ns.
1047 1997 1121 2035 m.
1134 1985 1218 2051 p.,
1243 1999 1280 2036 o
1313 1984 1590 2051 superscr.
1628 1998 1772 2035 corr.
1797 1997 1872 2035 m.
1886 1984 1952 2050 p.
2026 1982 2076 2035 8.
2101 1980 2474 2034 Membranae
2496 1980 2590 2034 hic
2612 1981 2803 2034 maior
2810 1983 2959 2050 pars
2990 1982 3235 2051 deperiit
3254 1986 3425 2037 tineis

857 2065 1275 2131 conterebrata;
1309 2064 1445 2120 baec
1463 2066 1616 2119 enim
1633 2066 1863 2136 pag-ina
1884 2063 2191 2119 secundum
2214 2062 2419 2119 codicis
2439 2064 2761 2135 ligaturam
2783 2080 2938 2119 nunc
2958 2067 3227 2137 temporis
3233 2068 3418 2137 finem

863 2153 1026 2203 tenet.

721 2243 842 2299 Fol.
865 2242 952 2299 82.
991 2257 1076 2312 23.
1111 2242 1346 2299 moritur
1368 2247 1531 2315 ηιμ,
1545 2260 1578 2300 e
1595 2247 1869 2315 superscr.
1883 2260 2027 2298 corr.
2047 2259 2121 2322 3²⁸·
2128 2245 2195 2313 p.
2268 2253 2356 2312 25.
2392 2260 2493 2313 per
2512 2242 2727 2312 singula
2750 2259 2854 2297 nec
2878 2242 3075 2298 uniuer-
3094 2261 3219 2299 sum
3229 2247 3430 2315 potuit

861 2326 1095 2382 scribere
1119 2331 1276 2398 ηιμ,
1299 2328 1403 2383 sed
1408 2331 1548 2399 post
1567 2344 1604 2383 u
1628 2328 1880 2382 lacerata
1901 2333 1985 2381 est
2005 2326 2333 2380 membrana
2352 2344 2376 2381 .·
2408 2326 2681 2381 u‘militer
2703 2343 2839 2395 poss
2854 2330 2969 2396 pro
2994 2336 3183 2397 posset
3204 2334 3336 2383 stat.

722 2424 768 2477 F
772 2424 844 2477 ol.
869 2422 938 2477 82
954 2424 1009 2478 b.
1062 2423 1136 2478 In
1159 2425 1341 2495 capite
1354 2425 1612 2496 paginae
1632 2424 1865 2494 scripsit
1884 2424 2030 2492 ηιμ
2057 2420 2277 2477 initium
2302 2421 2573 2493 euangelii
2600 2422 2749 2477 sec’d
2776 2423 2983 2477 Lucan.

725 2520 846 2574 Fol.
871 2518 942 2574 83
960 2519 1014 2575 b.
1057 2534 1102 2574 1.
1133 2520 1214 2575 18.
1251 2518 1369 2576 und
1392 2520 1500 2575 hoc
1525 2537 1598 2574 m.
1607 2522 1689 2590 p.,
1713 2537 1748 2576 e
1769 2521 2045 2590 superscr.
2070 2535 2215 2574 corr.
2241 2536 2313 2573 m.
2320 2520 2386 2589 p.

726 2615 848 2669 Fol.
873 2613 960 2668 84.
1017 2629 1104 2670 20.
1130 2629 1216 2671 21.
1253 2617 1328 2671 hc
1354 2656 1366 2670 .
1395 2657 1408 2670 .
1437 2656 1448 2669 .
1476 2616 1592 2686 qud
1629 2632 1704 2670 m.
1707 2618 1790 2685 p.,
1817 2632 1852 2670 ο
1880 2655 1893 2668 .
1921 2655 1934 2668 .
1962 2655 1976 2669 .
2000 2631 2036 2670 o
2069 2619 2345 2685 superscr.
2380 2629 2527 2668 corr.
2564 2631 2639 2668 m.
2646 2617 2712 2684 p.
2810 2628 2897 2683 23.
2934 2613 2991 2668 in
3026 2617 3435 2689 superscripsit

863 2715 1009 2754 corr.
1035 2701 1183 2769 ηιμ
1255 2713 1341 2766 24
1380 2709 1578 2771 postos
1602 2716 1677 2753 m.
1683 2703 1764 2769 p.,
1791 2700 1830 2753 h
1853 2701 2129 2769 superscr.
2153 2715 2298 2752 corr.
2325 2713 2399 2750 m.
2410 2700 2475 2767 p.

726 2795 846 2850 Fol.
871 2793 1012 2849 84b.
1062 2795 1135 2849 In
1162 2797 1346 2865 capite
1365 2796 1625 2867 paginae
1655 2795 1890 2865 scripsit
1916 2812 1990 2848 m.
2018 2809 2050 2848 2
2078 2795 2112 2852 1·
2137 2795 2211 2850 de
2245 2794 2508 2849 aduente.
2600 2806 2686 2861 27.
2712 2793 2798 2847 28.
2835 2791 3189 2864 dispnsatam
3218 2834 3231 2848 .
3257 2833 3273 2849 .
3299 2835 3314 2849 .
3341 2795 3427 2851 in-

865 2894 1060 2947 grssus
1085 2915 1100 2932 .
1124 2917 1139 2932 .
1166 2917 1181 2932 .
1204 2880 1488 2949 eamgelus
1517 2882 1684 2950 m.p.,
1709 2895 1745 2932 o
1772 2919 1786 2933 .
1814 2919 1827 2932 .
1857 2919 1869 2932 .
1894 2895 1929 2934 e
1954 2918 1967 2931 .
1997 2917 2010 2932 .
2041 2917 2055 2932 .
2080 2895 2154 2933 an
2184 2881 2461 2948 superscr.
2485 2893 2629 2931 corr.
2655 2879 2803 2946 m.p.
2875 2890 2961 2945 29.
2996 2893 3125 2932 eam
3160 2895 3235 2932 ex
3264 2896 3430 2935 acam

867 2962 1114 3015 correm't
1136 2964 1281 3032 ηιμ

730 3057 850 3112 Fol.
875 3056 962 3112 85.
1011 3068 1098 3126 35.
1133 3057 1446 3128 respndens
1472 3098 1487 3113 .
1513 3097 1528 3112 .
1555 3097 1568 3112 .
1595 3057 1914 3128 supi-ueniet
1951 3075 2025 3112 m.
2037 3060 2121 3128 μ,
2158 3074 2196 3112 ο
2221 3096 2236 3111 .
2263 3095 2277 3110 .
2302 3095 2317 3111 .
2339 3074 2374 3111 e
2408 3060 2684 3127 superscr.
2720 3071 2867 3110 corr.
2904 3059 3049 3127 ηιμ
3148 3059 3235 3125 38.
3270 3069 3429 3116 aute-

869 3139 1048 3194 maria
1071 3177 1086 3194 .
1113 3179 1128 3194 .
1157 3179 1180 3208 .,
1197 3141 1457 3196 scundu-
1492 3158 1564 3195 m.
1576 3145 1658 3212 p.,
1683 3159 1742 3195 m
1767 3179 1782 3194 .
1808 3180 1822 3194 .
1849 3180 1864 3195 .
1888 3157 1923 3196 e
1945 3144 2220 3211 superscr.
2244 3156 2387 3195 corr.
2415 3143 2578 3210 ηιμ,
2602 3156 2661 3193 m
2684 3141 2750 3193 in
2782 3139 3017 3194 uerbum
3048 3157 3123 3195 ex
3142 3151 3165 3196 t
3187 3147 3438 3199 correxit

873 3239 946 3277 m.
949 3225 1016 3293 p.
1086 3223 1314 3279 discesit
1339 3241 1414 3278 ηι
1422 3227 1503 3294 μ,
1525 3241 1552 3279 s
1569 3228 1844 3294 superscr.
1862 3240 2008 3279 corr.
2024 3241 2097 3277 m.
2107 3227 2174 3294 p.
2234 3223 2341 3278 Aa'
2338 3223 2523 3292 finem
2548 3239 2748 3277 uersus
2768 3224 3000 3293 scripsit
3020 3241 3095 3278 m.
3110 3239 3141 3279 2
3161 3226 3227 3280 in
3244 3243 3431 3299 marg.

871 3306 981 3361 fine
1006 3325 1022 3372 ;
1056 3305 1353 3377 eademque
1375 3324 1583 3362 manus
1603 3315 1660 3362 et
1680 3309 1744 3362 in
1770 3309 2034 3379 margine
2055 3312 2112 3361 et
2131 3311 2267 3361 ante
2291 3307 2629 3376 Exsurgens,
2646 3307 2847 3377 posuit
2869 3308 2954 3363 ἢ.

732 3390 854 3446 Fol.
877 3389 948 3444 85
966 3390 1020 3444 b.
1071 3403 1160 3459 49.
1211 3390 1342 3462 quia
1389 3402 1592 3462 potens
1636 3391 1945 3461 scripserat
1989 3393 2152 3461 ηιμ,
2199 3391 2428 3444 incuria
2436 3407 2471 3456 ,·
2520 3388 2624 3444 sed
2662 3407 2699 3444 a
2726 3390 2974 3460 finalem
3020 3394 3200 3447 erasit
3241 3393 3432 3449 eadem

873 3489 1093 3527 manus.

734 3571 780 3624 F
783 3570 854 3624 ol.
880 3567 968 3622 86.
1025 3580 1111 3638 54.
1140 3580 1223 3638 55.
1261 3569 1486 3640 Sucepit
1513 3610 1528 3624 .
1555 3609 1568 3624 .
1597 3610 1610 3624 .
1635 3579 1818 3625 nostrs
1843 3585 1918 3623 m.
1925 3573 2010 3641 μ,
2035 3588 2063 3626 s
2089 3610 2104 3624 .
2131 3609 2145 3624 .
2173 3607 2186 3622 .
2214 3584 2249 3623 o
2272 3571 2549 3639 superscr.
2573 3584 2718 3624 corr.
2746 3585 2819 3624 m.
2833 3573 2895 3640 p.

734 3665 855 3720 rol.
879 3663 950 3718 86
964 3665 1020 3718 b.
1068 3663 1156 3718 62.
1192 3681 1264 3719 au
1292 3665 1356 3719 in
1391 3674 1580 3720 autem
1613 3667 1888 3736 scriptum
1917 3673 2002 3720 est
2031 3667 2098 3719 in
2130 3681 2343 3720 rasura
2366 3683 2405 3718 a
2429 3682 2503 3718 ηι
2518 3667 2577 3736 μ
2649 3665 2737 3734 63.
2772 3675 2795 3720 t
2819 3667 2885 3720 in
2910 3666 3133 3738 scripsit
3156 3671 3431 3739 superscr-

874 3763 1018 3803 corr.
1043 3765 1118 3802 m.
1127 3751 1194 3818 p.
1265 3748 1352 3817 65.
1388 3758 1620 3804 mntana
1643 3752 1808 3820 ηιμ,
1835 3765 1872 3804 o
1893 3753 2169 3821 superscr.
2184 3765 2328 3804 corr.
2354 3759 2427 3803 m.
2436 3751 2503 3820 p.
2592 3747 2679 3805 66.
2714 3749 2859 3804 Post
2880 3750 2971 3806 illo
2994 3752 3228 3823 scripsit
3249 3768 3321 3806 ηι
3340 3767 3374 3806 2
3396 3753 3431 3809 1·

874 3831 1027 3886 fine·
1049 3831 1212 3886 lectio
1237 3839 1320 3886 sci
1343 3830 1588 3887 iohanni.

733 3928 855 3983 Fol.
879 3925 967 3980 87.
1019 3937 1106 3996 75.
1143 3925 1368 3982 iustiam
1393 3930 1542 3998 ηιμ,
1567 3927 1610 3983 ti
1631 3931 1906 3998 superscr.
1929 3944 2076 3983 corr.
2101 3930 2250 3998 ηιμ

736 4025 782 4078 F
785 4024 854 4079 ol.
879 4021 950 4076 87
965 4023 1019 4077 b.
1072 4023 1160 4078 80.
1196 4022 1270 4077 In
1295 4025 1558 4095 margine
1579 4025 1808 4095 scripsit
1831 4039 1905 4078 m.
1931 4039 1962 4078 2
1989 4025 2026 4088 †
2051 4023 2109 4078 in
2131 4024 2319 4080 naoele
2348 4023 2464 4079 dfii.
2554 4022 2607 4078 2.
2638 4037 2686 4079 1.
2724 4024 2891 4080 dibus
2914 4041 2989 4080 m.
2996 4029 3079 4096 p.,
3102 4042 3137 4082 e
3158 4029 3436 4097 superscr.

875 4122 1021 4161 corr.
1046 4109 1235 4176 m.p.,·
1267 4123 1304 4160 a
1335 4112 1468 4161 ante
1498 4124 1689 4163 cesare
1712 4111 1988 4179 superscr.
2012 4107 2205 4162 eadem
2239 4123 2461 4162 manus.
2545 4120 2598 4174 4.
2634 4107 2879 4164 betlehm
2912 4125 2985 4163 ηι
2994 4113 3078 4180 μ,
3100 4127 3133 4164 e
3156 4112 3435 4180 superscr.

877 4205 1023 4244 corr.
1048 4206 1123 4244 m.
1132 4193 1198 4260 p.
1290 4201 1338 4259 5.
1375 4207 1544 4246 uxore
1579 4207 1646 4247 su
1669 4208 1708 4244 a
1731 4208 1807 4246 m.
1819 4194 1886 4262 p.
1911 4193 2206 4262 scriptum,
2220 4191 2576 4262 perlineauit
2605 4208 2681 4246 ηι
2706 4205 2757 4261 3,
2780 4191 3083 4263 eademque
3108 4207 3316 4247 manus
3341 4209 3436 4247 ex-

866 4277 1082 4344 puncto
1105 4273 1174 4344 ei,
1199 4273 1428 4330 addidit
1447 4273 1572 4332 sibi.
1635 4291 1670 4330 o
1695 4277 1758 4329 in
1786 4283 1944 4330 utero
1962 4275 2221 4329 euanuit.
