4373 5048
923 457 1168 520 RELA
1186 456 1418 520 TJON
1457 426 1579 517 o'F
1604 477 1651 540 q
1688 456 1800 519 To
1849 456 2161 519 OTHER
2216 443 2544 521 oLD-LA
2562 455 2735 521 Tm
2777 457 2962 518 TEX
2970 456 3093 520 TS.
3228 456 3468 522 xxxvii

747 625 992 688 Selected
1010 629 1276 706 readings
1302 630 1423 687 and
1435 628 1763 704 renderings
1783 629 1846 688 in
1863 629 2049 688 which
2165 626 2405 688 Selected
2416 629 2685 706 readings
2705 630 2828 687 and
2836 628 3171 704 renderings
3197 630 3259 689 in
3280 629 3467 689 which

885 779 892 784 .
990 727 1022 785 s
1043 747 1084 807 q
1110 729 1276 807 dgffer
1276 729 1454 805 from
1481 728 1612 787 each
1639 729 1807 788 other.
2408 724 2436 785 f
2505 744 2546 804 q
2599 745 2700 785 are
2768 727 2977 802 agreed
3023 729 3258 803 against
3314 728 3465 786 omer

747 867 904 946 John
933 868 989 927 ji,
2408 822 2712 902 European
2734 830 2899 883 texts,
3400 825 3406 831 ’

799 969 890 1026 16.
929 966 1110 1025 tollite
1138 986 1174 1025 a
1203 967 1236 1026 b
1264 987 1316 1044 q.

1075 1062 1292 1124 auferte
1320 1084 1347 1122 e
1347 1065 1416 1141 s
1429 1064 1564 1124 Am.

801 1178 890 1234 19.
933 1161 1138 1220 soluite
1166 1181 1204 1220 a
1233 1161 1266 1219 b
1293 1181 1320 1220 e
1345 1182 1381 1239 q
1410 1162 1544 1222 Am.

1075 1258 1346 1319 destruite
1346 1260 1418 1337 f.

1017 1357 1314 1416 suscitabo
1340 1377 1378 1416 a
1406 1357 1439 1418 b
1465 1377 1501 1434 q
1528 1355 1630 1437 (cf.
1660 1377 1710 1417 v.
1746 1357 1866 1436 πο).

1078 1455 1348 1515 excitabo
1350 1456 1422 1534 s
1433 1456 1566 1515 Am.

1074 1553 1410 1613 restaurabo
1437 1573 1481 1613 e.

798 1667 890 1709 20.
933 1650 1124 1710 triduo
1153 1651 1184 1709 b
1212 1672 1239 1709 e
1265 1671 1314 1728 q.

1075 1749 1258 1808 tribus
1287 1748 1492 1809 diebus
1520 1769 1558 1808 a
1560 1751 1629 1828 f
1643 1751 1776 1810 Am.

799 1864 891 1905 22.
935 1847 1305 1906 rememorati
1333 1866 1370 1905 a
1399 1847 1432 1906 b
1459 1867 1512 1924 9.

1077 1943 1437 2024 recordatis
1452 1946 1587 2006 Am.

1079 2043 1528 2104 commonefacti
1557 2063 1599 2104 e.

1017 2141 1200 2201 uerbo
1227 2161 1266 2199 a
1295 2141 1328 2200 b
1355 2161 1409 2218 q.

1079 2238 1335 2298 sermoni
1361 2257 1389 2296 e
1391 2239 1460 2316 f
1473 2239 1608 2298 Am.

801 2355 892 2411 23.
935 2335 995 2394 in
1025 2335 1117 2394 die
1145 2335 1291 2396 festo
1318 2354 1530 2414 pascae
1558 2357 1587 2397 e
1611 2358 1664 2415 9.

1079 2435 1140 2492 in
1169 2435 1326 2494 diem
1353 2435 1566 2495 festum
1593 2436 1845 2515 paschae
1873 2438 1922 2498 b.

1079 2551 1185 2611 per
1211 2533 1434 2613 pascha
1461 2536 1522 2595 in
1553 2536 1648 2595 die
1676 2536 1824 2597 sesto
1850 2557 1904 2596 a.

1083 2632 1144 2690 in
1171 2632 1385 2710 pascha
1411 2634 1471 2693 in
1500 2632 1556 2694 d.
1587 2632 1624 2693 f.
1654 2635 1790 2695 Am.

1077 2730 1140 2787 in
1168 2730 1260 2789 die
1291 2729 1437 2791 festo
1447 2732 1518 2808 sl

801 2839 894 2899 25.
937 2845 1172 2887 necesse
1200 2826 1452 2889 habebat
1478 2850 1505 2889 e
1530 2850 1567 2907 9
1594 2827 1652 2910 (b
1679 2827 1922 2910 habuit).

1015 2982 1022 2989 .
1078 2935 1200 2985 erat
1216 2928 1267 2985 ei
1279 2944 1427 3004 opus
1418 2929 1487 3005 s
1482 2926 1563 3007 (A
1572 2948 1644 2989 m.
1663 2929 1874 3007 opusei
1893 2926 2059 3009 erat).

1082 3023 1430 3086 desideraret
1458 3046 1512 3086 a.

2216 1037 2237 1076 1
2250 1021 2303 1077 6.
2332 1018 2417 1079 eis
2434 1019 2533 1096 qui
2558 1062 2571 1077 .
2593 1062 2605 1077 .
2626 1061 2639 1076 .
2655 1017 2990 1079 uendebant
3007 1040 3034 1078 e
3048 1038 3085 1095 9
3100 1015 3315 1104 (fAm.
3332 1017 3465 1102 his).

2490 1115 2881 1177 uendentibus
2906 1137 2945 1176 a
2973 1118 3023 1176 b.

2214 1234 2305 1292 19.
2348 1215 2531 1275 tribus
2558 1214 2761 1275 diebus
2784 1214 2884 1294 es
2896 1235 2932 1293 9
2960 1214 3093 1275 Am.

2490 1311 2681 1373 triduo
2706 1331 2745 1372 a
2772 1312 2821 1373 b.

845 3216 894 3256 1.
937 3197 1299 3259 Nicodemus
1327 3219 1547 3262 nomen
1575 3203 1697 3264 eius
1723 3224 1781 3281 9.

965 3350 974 3357 .
1019 3356 1026 3361 ,
1081 3298 1322 3358 nomine
1357 3297 1716 3363 Nicodemus
1744 3302 1777 3363 b
1805 3302 1898 3385 (s
1921 3305 2056 3368 Am.

1243 3395 1319 3456 N.
1353 3398 1638 3479 nomine).

1080 3495 1174 3551 cui
1203 3511 1422 3555 nomen
1451 3494 1527 3557 N.
1555 3517 1608 3557 a.

1080 3592 1180 3668 qui
1208 3596 1530 3655 uocabatur
1557 3596 1632 3657 N.
1669 3619 1712 3659 e.

842 3708 895 3761 4.
939 3687 1078 3748 dicit
1102 3690 1180 3749 ad
1207 3708 1343 3749 eum
1370 3712 1407 3750 a
1435 3694 1468 3753 b
1495 3713 1532 3771 9
1558 3695 1692 3756 Am.

1081 3787 1219 3847 dicit
1247 3790 1324 3849 ad
1350 3790 1514 3850 illum
1541 3812 1585 3852 e.

1081 3884 1216 3945 dicit
1244 3898 1440 3949 autem
1468 3891 1524 3950 ei
1524 3893 1595 3968 fi

1020 3985 1246 4043 renasci
1273 4006 1311 4043 a
1338 4006 1392 4061 q.

1083 4084 1244 4143 nasci
1272 4084 1304 4142 b
1333 4085 1467 4145 Am.

1084 4178 1280 4241 denuo
1305 4184 1535 4262 nascist

1081 4278 1276 4341 denuo
1303 4284 1526 4344 renasci
1553 4306 1593 4345 e.
