4373 5048
791 364 916 411 120

473 532 610 583 τοι.
633 534 756 587 170.
779 521 903 581 eius
969 531 1030 581 et
1055 520 1300 597 inposue

779 626 915 675 runt
943 615 1084 675 illud
1113 616 1172 673 in
1201 631 1304 673 mo

776 720 1062 769 numento
1081 740 1096 755 ·
1122 740 1137 756 ·
1155 740 1240 751 —

774 802 822 838 ⁸⁰
838 804 918 864 Et
945 803 1360 864 conuenientes

774 897 1032 975 apostoli
1061 896 1137 955 ad
1164 896 1288 955 ihm

771 990 1250 1051 renuntiauerunt

774 1084 853 1144 illi
880 1085 1082 1145 omnia
1110 1102 1260 1161 quae
1287 1100 1397 1160 ege

773 1188 905 1237 rant
931 1187 989 1237 et
1017 1178 1367 1237 docuerant·
1385 1206 1432 1221 -

772 1270 818 1305 ⁸¹
839 1271 918 1331 Et
945 1272 1024 1333 ait
1042 1271 1149 1331 illis
1175 1272 1265 1330 ihs
1285 1302 1298 1317 ·
1341 1270 1474 1329 ueni

773 1374 832 1426 te
858 1383 970 1425 uos
997 1376 1219 1425 secreto
1246 1365 1307 1424 in

773 1459 972 1520 locum
999 1460 1289 1519 desertum
1306 1490 1391 1501 —

775 1552 854 1611 Et
878 1553 1218 1630 requiescite
1247 1569 1329 1630 pu

775 1647 967 1707 sillum
991 1678 1006 1695 ·
1089 1646 1274 1706 Erant

775 1742 934 1801 enim
963 1741 1063 1819 qui
1091 1740 1252 1800 ibant
1279 1750 1338 1799 et

775 1834 1074 1895 rediebant
1099 1835 1264 1894 multi
1295 1865 1312 1881 ·

775 1928 854 1987 Et
883 1946 990 1987 nec
1021 1928 1162 1987 dum
1187 1927 1410 1986 mandu

773 2022 948 2083 candi
975 2022 1226 2098 spatium
1254 2020 1333 2080 ha

771 2116 1098 2175 bebant···
1141 2111 1284 2172 ”Et
1311 2131 1378 2175 as

772 2208 1092 2269 cendentes
1119 2207 1182 2265 in
1207 2212 1360 2267 naue

772 2302 1036 2361 abierunt
1061 2302 1123 2359 in
1150 2300 1314 2361 deser

771 2404 900 2455 tum
915 2395 1110 2455 locum
1139 2400 1338 2455 seorsss
1361 2424 1377 2443 ·

770 2528 816 2562 ⁸⁸
832 2528 911 2587 Et
935 2528 1206 2588 uiderunt
1233 2546 1336 2588 eos
1365 2529 1476 2590 abe

769 2632 941 2683 untes
968 2633 1025 2682 et
1054 2640 1326 2700 cognoue

769 2725 906 2777 runt
930 2734 1035 2776 eos
1062 2716 1231 2775 multi
1253 2747 1269 2763 ·

769 2809 848 2870 Et
875 2810 1174 2888 pedestres
1203 2810 1276 2870 de
1303 2826 1407 2869 om

769 2904 942 2963 nibus
969 2903 1296 2964 ciuitatibus

772 3006 1190 3057 concurrerunt
1217 2998 1260 3057 il

771 3091 867 3151 luc
936 3102 994 3151 et
1020 3091 1327 3169 praeibant
1349 3121 1365 3140 ·

769 3184 851 3244 Et
879 3193 1278 3245 conuenerunt

770 3277 849 3339 ad
876 3296 1012 3336 eum
1035 3309 1050 3324 ·
1104 3277 1149 3310 ³⁴
1170 3278 1248 3337 Et
1275 3277 1476 3338 exiens

770 3382 830 3430 et
856 3371 1063 3431 uidens
1089 3371 1334 3430 multam

767 3465 999 3524 turbam
1025 3465 1116 3524 ihs
1195 3483 1314 3525 con

771 3557 956 3617 doluit
985 3576 1157 3636 super
1183 3577 1286 3619 eos
1304 3591 1390 3602 —-

771 3651 912 3728 quia
938 3662 1104 3711 erant
1132 3653 1279 3713 sicut

772 3762 915 3806 oues
942 3745 1152 3822 quibus
1181 3764 1305 3806 non

773 3847 899 3897 erat
925 3847 1125 3915 pastor
1154 3869 1170 3888 ·
1253 3840 1332 3901 Et

772 3932 970 4009 coepit
993 3931 1206 3993 docere
1232 3933 1361 3995 illos

771 4025 955 4085 multa
977 4055 992 4072 ·
1057 4025 1102 4058 ³⁶
1121 4027 1201 4085 Et
1229 4045 1366 4087 cum

771 4121 889 4180 iam
918 4118 1123 4179 horam
1149 4120 1332 4180 multa

770 4213 932 4273 fieret
950 4244 966 4260 ·
1049 4231 1284 4274 accesse

770 4316 904 4366 runt
931 4305 1008 4366 ad
1034 4325 1168 4367 eum
1197 4308 1342 4369 disci

769 4400 890 4478 puli
915 4401 1040 4462 eius
1066 4412 1125 4463 et
1151 4401 1351 4464 dicunt
1375 4403 1432 4464 ei

2152 342 2393 405 SECD
2424 378 2439 394 ·

1537 519 1675 597 quia
1701 518 1962 578 desertus
1987 526 2076 578 est

1536 612 1700 673 locus
1723 644 1738 660 ·
1822 622 1880 672 et
1906 612 2054 671 hora
2079 612 2197 671 iam

1533 707 1786 783 preteriit
1804 738 1819 753 ·
1895 707 2072 766 etiam

1533 801 1750 860 multae
1777 801 1976 859 turbae
2005 806 2140 859 sunt

1531 893 1577 928 ⁸⁸
1595 893 1834 954 Dimitte
1862 894 1989 980 illos
2015 902 2079 952 ut
2105 912 2139 953 e

1530 996 1701 1047 untes
1730 988 1790 1045 in
1817 987 2108 1065 proximos

1530 1082 1694 1142 uillas
1721 1091 1778 1141 et
1808 1081 2042 1142 castella

1529 1185 1728 1235 emant
1749 1176 1856 1235 sibi
1883 1192 2034 1251 quos

1527 1268 1884 1329 manducent
1909 1270 2052 1346 quia

1528 1381 1652 1424 non
1680 1363 1896 1423 habent
1917 1394 1932 1409 ·
2016 1362 2059 1397 ⁸⁷
2077 1362 2213 1441 Ipse

1528 1466 1720 1517 autem
1748 1474 1964 1533 respon

1530 1550 1678 1611 dens
1705 1551 1783 1611 ait
1811 1551 1918 1610 illis
1945 1549 2023 1609 da

1529 1654 1585 1703 te
1613 1643 1722 1703 illis
1749 1660 1858 1703 uos
1886 1661 2028 1702 man

1529 1738 1740 1797 ducare
1760 1769 1774 1785 ·
1859 1738 1937 1797 Et
1965 1736 2167 1797 dicunt

1527 1832 1581 1892 ei
1607 1832 1820 1890 ibimus
1847 1841 1906 1890 et
1931 1848 2063 1890 eme

1527 1942 1660 1985 mus
1687 1924 1939 1985 denariis
1967 1924 2046 1985 do

1527 2018 1710 2078 centis
1741 2036 1923 2095 panes
2001 2028 2060 2078 et

1527 2112 1796 2171 dabimus
1821 2112 1932 2172 iilis
1959 2122 2023 2171 ut

1528 2206 1886 2267 manducent
1907 2236 1923 2253 ·

1524 2300 1568 2335 ⁸⁸
1585 2300 1664 2359 Et
1690 2300 1828 2360 dicit
1853 2301 1938 2360 eis
1971 2300 2060 2360 ihs
2081 2301 2230 2380 quod

1527 2412 1714 2471 panes
1742 2394 1962 2455 habetis
1981 2425 1996 2441 ·

1523 2527 1600 2586 ite
1627 2537 1686 2587 et
1713 2527 1902 2587 uidete
1921 2558 1937 2574 ·
2019 2527 2099 2586 Et
2127 2534 2201 2588 cu

1525 2621 1944 2699 cognouissent
1963 2653 1978 2668 ·
2049 2621 2110 2681 di

1526 2725 1669 2776 cunt
1695 2717 1752 2776 ei
1819 2715 2076 2793 quinque

1525 2826 1711 2888 panes
1737 2820 1796 2869 et
1823 2809 1973 2868 duos
2002 2810 2092 2886 pis

1525 2921 1624 2963 ces
1647 2933 1662 2950 ·
1725 2902 1771 2936 ⁸⁹
1785 2903 1864 2962 Et
1891 2903 2141 2980 precepit
2169 2903 2211 2962 il

1522 2997 1594 3057 lis
1619 3005 1685 3056 ut
1711 2996 2012 3056 discumbe

1524 3100 1652 3150 rent
1678 3108 1888 3150 omnes
1915 3108 2080 3150 areas

1524 3193 1581 3244 et
1610 3203 1774 3244 areas
1803 3202 1976 3262 supra
2002 3184 2108 3243 uiri

1527 3278 1602 3338 de
1628 3277 1826 3336 fenum
1848 3308 1863 3324 ·
1949 3277 1993 3311 ⁴⁰
2008 3278 2086 3337 Et
2113 3277 2202 3336 dis

1527 3373 1848 3431 cubuerunt
1875 3389 2038 3430 areas

1524 3473 1582 3524 et
1610 3483 1773 3524 areas
1799 3483 1902 3542 per
1929 3483 2040 3524 cen

1525 3568 1696 3618 tenos
1725 3569 1783 3618 et
1809 3575 1914 3634 per
1941 3558 2038 3617 cin

1525 3670 1830 3730 quagenos
1851 3681 1867 3698 ·
1950 3652 1994 3686 ⁴¹
2010 3652 2090 3711 Et
2119 3671 2189 3713 ac

1527 3747 1710 3824 ceptis
1737 3746 1997 3824 quinque

1524 3841 1774 3920 panibus
1800 3849 1859 3899 et
1887 3839 2004 3898 duo

1525 3937 1636 3994 bus
1665 3934 1980 4011 piscipibus

1525 4029 1754 4088 intuens
1781 4027 1843 4086 in
1875 4026 2068 4086 celum

1524 4121 1812 4181 benedixit
1839 4129 1896 4180 et
1923 4119 2091 4196 fregit

1524 4222 1582 4274 et
1609 4213 1765 4274 dedit
1795 4213 2022 4290 discipu

1522 4309 1592 4370 lis
1621 4307 1740 4368 suis
1767 4318 1830 4366 ut
1859 4307 2090 4384 adpone

1521 4413 1650 4464 rent
1676 4412 1811 4464 ante
1837 4419 1944 4463 eos

2343 526 2401 577 et
2429 516 2579 578 duos
2607 518 2801 595 pisces
2834 517 2891 578 di

2340 612 2475 671 uisit
2502 612 2775 673 omnibus
2794 644 2809 659 ·

2340 704 2387 738 ⁴²
2402 704 2481 763 Et
2508 706 3010 767 manducauerunt

2341 816 2551 858 omnes
2578 809 2639 858 et
2666 810 2859 859 satura

2338 892 2381 949 ti
2411 902 2547 951 sunt
2564 923 2578 939 ·
2642 892 2685 925 ‘³
2706 893 2785 953 Et
2814 892 2931 953 tule

2338 995 2473 1044 runt
2501 984 2831 1063 fragmento

2338 1095 2468 1137 rum
2498 1079 2809 1139 duodecim

2336 1170 2565 1233 cofinos
2593 1182 2651 1232 et
2678 1173 2753 1232 de
2781 1172 2874 1251 pis

2338 1266 2503 1327 cibus
2528 1298 2542 1313 ·
2606 1268 2852 1327 “Erant
2881 1286 2959 1328 au

2334 1368 2453 1419 tem
2484 1362 2585 1439 qui
2611 1361 2905 1423 manduca

2336 1464 2543 1514 uerunt
2570 1455 2781 1535 quinq*

2338 1548 2498 1608 milia
2522 1548 2782 1610 uirorum
2802 1582 2818 1599 ·

2346 1642 2485 1701 “Et
2512 1644 2708 1703 statim
2736 1662 2911 1706 exsur

2334 1753 2483 1814 gens
2563 1738 2758 1815 coegit
2784 1738 2875 1798 dis

2334 1831 2565 1908 cipulos
2592 1849 2733 1892 suos
2766 1850 2833 1892 as

2334 1925 2581 1985 cendere
2610 1944 2822 1985 nauem
2842 1958 2857 1974 ·

2333 2028 2398 2077 ut
2425 2020 2802 2096 precederent

2332 2130 2471 2171 eum
2496 2132 2533 2172 a
2562 2111 2863 2173 bethsaida

2334 2205 2475 2265 dum
2504 2207 2628 2284 ipse
2656 2207 2821 2267 dimit

2334 2308 2477 2359 teret
2504 2301 2791 2378 populum

2332 2393 2471 2453 “Et
2495 2413 2629 2455 cum
2657 2395 2969 2457 dimisisset

2332 2544 2437 2586 eos
2462 2559 2475 2574 ·
2545 2527 2705 2588 Abiit
2732 2529 2793 2588 in
2821 2548 2967 2590 mon

2332 2631 2453 2680 tem
2480 2639 2647 2683 orare
2671 2653 2686 2670 ·
2750 2623 2795 2657 ⁴⁷
2810 2623 2891 2684 Et

2332 2733 2470 2774 cum
2498 2733 2628 2777 sero
2656 2728 2809 2778 esset

2331 2819 2453 2868 erat
2480 2810 2647 2870 nauis
2673 2811 2735 2869 in
2764 2829 2861 2872 me

2335 2901 2435 2962 dio
2462 2903 2608 2962 mari
2627 2935 2643 2951 ·
2700 2916 2757 2965 et
2784 2906 2911 2983 ipse

2332 2995 2491 3056 solus
2518 2997 2579 3056 in
2607 3007 2755 3058 terra
2776 3031 2791 3046 ·
2810 3029 2853 3044 -

2332 3089 2376 3122 ⁴⁸
2398 3090 2476 3149 Et
2502 3090 2708 3151 uidens
2736 3111 2837 3154 eos
2864 3113 2927 3154 re

2333 3184 2617 3262 migantes
2644 3196 2701 3245 et
2729 3187 2786 3246 la

2332 3279 2605 3338 borantes
2686 3281 2831 3340 Erat

2332 3373 2491 3430 enim
2518 3384 2729 3433 uentus
2757 3394 2873 3435 con

2332 3467 2535 3526 trarius
2562 3467 2671 3526 illis
2694 3498 2709 3515 ·

2331 3559 2410 3618 Et
2436 3561 2589 3620 circa
2616 3571 2883 3638 quartam

2332 3654 2593 3730 uigiliam
2622 3657 2775 3715 notis

2332 3749 2492 3807 uenit
2520 3749 2595 3807 ad
2624 3749 2751 3810 illos
2780 3767 2879 3812 am

2332 3840 2539 3902 bulans
2568 3860 2747 3920 supra

2332 3951 2494 3994 mare
2512 3966 2527 3982 ·
2597 3936 2676 3995 Et
2701 3937 2937 3998 uolebat

2330 4029 2569 4089 transire
2600 4031 2727 4091 illos
2750 4061 2766 4078 ·

2332 4122 2376 4155 ⁴⁹
2392 4122 2472 4181 At
2498 4123 2577 4182 illi
2602 4135 2667 4183 ut
2692 4125 2965 4186 uiderunt

2330 4215 2493 4275 illum
2521 4219 2855 4278 ambulante

2330 4326 2507 4387 super
2534 4329 2695 4371 mare
2718 4343 2733 4360 ·
2760 4345 2845 4356 -—

2332 4415 2685 4484 putauerunt
2708 4404 2809 4466 fan

3470 354 3587 419 [vl.
3610 358 3801 424 29-56.

3092 528 3282 579 tasma
3308 536 3436 579 esse
3460 551 3475 566 ·
3540 520 3681 579 ³⁰Et
3705 538 3781 580 ex
3822 539 3949 589 ποι.
3970 540 4095 591 1‘11.

3092 613 3495 673 clamauerunt
3523 632 3625 674 om

3094 724 3199 765 nes
3281 716 3339 767 et
3367 711 3653 769 conturba

3092 800 3137 858 ti
3164 811 3302 860 sunt
3325 833 3339 849 ·
3366 834 3380 849 ·
3425 814 3483 863 et
3510 802 3715 863 confes

3090 894 3197 953 tim
3225 894 3455 955 loeutus
3483 906 3572 955 est
3598 896 3677 955 ad

3090 1006 3194 1048 eos
3223 996 3281 1046 et
3308 990 3387 1048 ait
3414 989 3521 1048 illis
3550 990 3687 1050 Con

3093 1080 3265 1140 fidete
3288 1112 3304 1128 ·
3374 1101 3489 1160 ego
3518 1102 3652 1143 sum

3094 1174 3270 1234 nolite
3298 1175 3499 1235 timere
3518 1208 3532 1223 ·
3552 1210 3567 1223 ·

3092 1266 3215 1327 εἰΕῐ
3230 1270 3551 1330 ascendens
3572 1271 3633 1330 in
3648 1278 3799 1333 ¹³aui}

3092 1362 3169 1421 ad
3196 1362 3325 1422 illos
3406 1374 3464 1423 et
3493 1368 3739 1427 cessauit

3092 1466 3305 1515 uentus
3385 1469 3442 1518 et
3469 1460 3601 1536 plus
3628 1478 3729 1520 ma

3091 1550 3184 1626 gis
3214 1550 3362 1610 intra
3388 1570 3451 1612 se
3481 1563 3649 1631 stupe

3092 1644 3234 1703 bant
3260 1654 3319 1703 et
3345 1646 3609 1706 miraban

3090 1746 3182 1795 tur
3204 1768 3221 1784 ·
3290 1735 3337 1771 θ’
3352 1758 3475 1799 non
3502 1741 3659 1799 enim
3686 1742 3753 1801 in

3090 1830 3423 1891 tellexerant
3450 1833 3522 1893 de
3549 1852 3629 1911 pa

3088 1924 3263 1983 nibus
3282 1956 3297 1970 ·
3380 1936 3503 1985 erat
3527 1928 3687 1987 enim

3088 2034 3191 2076 cor
3218 2036 3425 2077 eorum
3454 2022 3597 2080 obtu

3087 2128 3220 2168 sum
3241 2143 3255 2158 ·
3340 2112 3385 2145 ⁸³
3400 2114 3479 2173 Et
3508 2123 3665 2175 trans

3088 2202 3359 2265 fretantes
3387 2208 3523 2268 inde
3542 2240 3557 2255 ·

3087 2310 3371 2359 uenerunt
3398 2302 3459 2360 in
3489 2312 3574 2362 ter

3086 2410 3211 2451 ram
3239 2396 3580 2471 genesareth

3085 2522 3130 2560 ⁰⁴
3149 2529 3418 2605 Cumque
3446 2547 3711 2606 egressus

3084 2631 3238 2680 esset
3266 2621 3339 2680 de
3369 2625 3505 2682 naui
3592 2643 3709 2702 cog

3086 2725 3378 2774 nouerunt
3405 2734 3541 2775 eum
3559 2749 3575 2764 ·

3086 2807 3132 2841 ⁶⁸
3148 2807 3226 2866 Et
3254 2809 3693 2872 circumcurren

3084 2911 3171 2962 tes
3198 2904 3531 2963 uniuersam

3086 2996 3385 3056 confinem
3411 3001 3575 3075 regio

3088 3089 3178 3149 nis
3206 3089 3354 3149 illius
3374 3123 3388 3138 ·
3473 3110 3658 3172 coepe

3086 3193 3221 3242 runt
3247 3185 3309 3243 in
3336 3185 3583 3247 crabatis

3087 3275 3308 3336 adferre
3337 3297 3544 3339 omnes

3086 3371 3237 3430 male
3267 3371 3545 3434 habentes
3562 3405 3579 3422 ·

3086 3461 3583 3528 Circumferebant

3087 3571 3284 3618 autem
3310 3579 3415 3622 eos
3442 3563 3615 3623 ubicfi

3086 3671 3199 3730 que
3228 3655 3544 3715 audiebant
3570 3676 3699 3718 esse

3084 3748 3209 3807 ihm
3226 3780 3241 3795 ·
3322 3749 3366 3782 ⁶⁶
3382 3760 3440 3810 et
3460 3769 3784 3832 quocumqs

3084 3843 3189 3901 iret
3216 3841 3277 3902 in
3306 3846 3555 3905 castellis

3084 3935 3179 3994 uel
3208 3937 3357 3998 uillis
3440 3941 3535 4000 uel
3563 3941 3679 4002 ciui

3083 4030 3299 4091 tatibus
3319 4061 3334 4079 ·
3418 4035 3479 4093 in
3508 4035 3715 4112 plateis

3082 4127 3384 4200 ponebant
3410 4129 3619 4189 uniuer

3082 4235 3183 4278 sos
3210 4219 3473 4280 infirmos
3491 4252 3507 4269 ·
3589 4222 3669 4283 Et

3082 4310 3545 4388 deprecabantur
3568 4322 3644 4376 εὖ

3083 4415 3147 4466 ut
3173 4407 3267 4466 uel
3294 4407 3599 4470 fimbream
