4373 5048
350 523 479 574 1¹01.
498 526 594 575 05.

636 363 725 413 lv,
749 362 916 425 ²3-V·
940 358 1015 425 8.]

1966 346 2284 410 LUCAN
2303 376 2318 393 ·

637 520 874 582 Medice
901 528 1123 581 curate
1150 519 1283 597 ipsit
1303 550 1319 567 ·
1389 515 1899 578 ”Etdescenditin
1914 536 2089 595 caper

637 625 859 695 quanta
885 616 1216 674 audiuimus

637 709 795 772 sacta
820 711 881 768 in
903 726 1258 786 capernaum
1281 738 1296 754 ·

637 803 729 864 sac
749 804 917 864 ethic
935 804 997 861 in
1014 804 1305 881 patriatua
1325 832 1339 848 ·

636 897 1150 957 ’‘Dixitautemihs
1167 914 1343 956 amen

641 991 776 1051 dico
803 992 976 1050 uobis
998 1022 1013 1037 ·
1073 990 1235 1069 quod
1264 1007 1342 1048 ne

640 1103 743 1145 mo
771 1084 999 1162 profeta
1024 1101 1207 1161 accep

641 1190 735 1238 tus
761 1189 849 1238 est
874 1180 936 1237 in
958 1179 1142 1257 patria
1168 1196 1277 1237 sua

640 1270 776 1332 ²⁸In
800 1273 1041 1332 ueritate
1056 1272 1203 1332 ‘dico
1236 1289 1317 1331 uo

645 1368 735 1427 bis
757 1396 773 1415 ·
835 1367 1051 1426 multae
1078 1366 1290 1426 uiduae

642 1460 877 1521 fuerunt
901 1461 963 1518 in
992 1460 1197 1520 diebus

643 1555 829 1615 heliae
858 1555 919 1613 in
947 1554 1019 1615 isi
1040 1586 1055 1601 ·
1118 1572 1277 1632 quan

642 1648 724 1708 do
752 1648 980 1706 clusum
1007 1658 1095 1706 est
1120 1646 1287 1707 caelii

645 1743 815 1801 annis
844 1742 1025 1800 tribus
1046 1750 1105 1801 et

644 1836 945 1895 mensibus
974 1853 1077 1893 sex
1097 1866 1112 1882 ·
1134 1867 1149 1883 ·
1196 1834 1287 1895 Cu

646 1929 801 1989 facta
828 1938 917 1988 est
944 1928 1116 1989 famis
1144 1938 1277 2006 mssg

644 2042 723 2082 na
751 2024 813 2082 in
839 2024 1005 2082 omni
1034 2032 1183 2083 terra
1206 2054 1221 2070 ·

643 2118 689 2152 ⁸⁸
704 2117 783 2175 Et
804 2117 882 2177 ad
912 2116 1132 2176 nullam
1161 2117 1325 2176 illarii

646 2212 858 2270 missus
886 2220 973 2269 est
1000 2210 1181 2269 helias
1202 2242 1218 2257 ·

646 2304 759 2363 nisi
785 2314 1017 2382 sarapta
1044 2303 1307 2364 sidoniae

647 2663 725 2724 ad
753 2663 1051 2723 mulierem
1078 2661 1307 2724 uidua*
1330 2695 1345 2712 ·

648 2753 693 2791 ²⁷
710 2767 771 2816 et
795 2757 959 2816 multi
986 2757 1199 2834 leprosi
1228 2777 1261 2818 e

648 2861 779 2910 rant
803 2851 863 2910 in
894 2851 965 2910 ist
992 2852 1101 2910 sub
1128 2851 1273 2910 belis

649 2961 756 3004 seo
784 2944 1013 3022 profeta
1035 2935 1072 2991 ·'
1108 2953 1167 3004 et
1195 2963 1270 3004 ne

648 3057 751 3098 mo
779 3056 985 3098 eorum
1010 3040 1235 3098 munda

650 3142 743 3192 tus
771 3143 859 3191 est
880 3132 992 3191 nisi
1022 3149 1308 3192 neaeman

650 3244 815 3304 syrus
832 3258 847 3273 ·
872 3257 887 3272 ·
909 3257 924 3273 ·
967 3226 1099 3285 ”Et
1122 3227 1323 3304 repleti

649 3329 784 3380 sunt
811 3339 1019 3380 omnes
1048 3321 1107 3379 in
1138 3339 1282 3398 syna

649 3433 809 3492 goga
835 3415 921 3474 ira
941 3414 1087 3473 haec
1116 3415 1254 3474 audi

651 3519 814 3568 entes
838 3540 853 3557 ·
918 3506 961 3542 ²⁹
981 3509 1060 3567 Et
1088 3526 1324 3568 surrexe

650 3611 784 3662 runt
811 3612 869 3662 et
896 3603 1189 3662 eiecerunt

651 3715 789 3756 eum
815 3707 981 3756 extra
1008 3697 1291 3757 ciuitate*
1312 3728 1327 3744 ·

649 3788 728 3849 Et
755 3790 1117 3850 deduxerunt
1146 3789 1309 3848 illum
1332 3821 1347 3836 ·

649 3902 835 3962 usque
864 3884 939 3942 ad
969 3884 1241 3960 supercili

649 3979 807 4038 cium
834 3977 1053 4036 montis
1075 4007 1090 4023 ·
1121 3995 1297 4054 super

648 4091 825 4151 quem
856 4072 1061 4130 ciuitas
1088 4078 1233 4131 eorfi

648 4175 772 4225 erat
799 4164 1066 4224 edificata
1085 4197 1100 4211 ·
1163 4175 1228 4225 ut

649 4259 1099 4337 praecipitarent
1124 4269 1266 4318 eu*-

647 4352 693 4386 ³⁰
712 4353 851 4430 Ipse
878 4363 1072 4411 autem
1101 4353 1323 4413 transiit

645 4465 749 4524 per
776 4446 1039 4508 medium
1072 4447 1237 4506 illorii
1266 4457 1325 4507 et

1166 4541 1309 4602 abiit

1392 630 1572 671 naum
1601 612 1895 671 ciuitatem

1393 707 1636 784 galileae
1702 706 1899 785 ibique
1928 707 2008 765 do

1394 801 1565 860 cebat
1592 819 1695 859 eos
1724 800 1979 859 sabbatis
2000 831 2015 847 ·

1394 892 1509 953 ⁸''et
1537 896 1849 972 stupebant
1870 895 1930 953 in
1959 894 2075 954 doc

1394 990 1542 1049 trina
1570 989 1693 1047 eius
1716 1018 1733 1035 ·
1796 990 1935 1067 quia
1964 988 2026 1047 in

1395 1074 1683 1160 potestate
1708 1094 1831 1143 erat
1855 1101 1960 1142 uer

1398 1178 1542 1236 bum
1562 1177 1686 1236 eius
1706 1208 1721 1223 ·
1764 1175 1903 1237 ”Et
1925 1177 1987 1236 in
2010 1194 2077 1255 sy

1395 1288 1631 1348 nagoga
1656 1281 1778 1331 erat
1803 1271 1986 1331 homo

1396 1365 1620 1425 habens
1650 1366 1967 1425 daemonifi

1396 1459 1747 1519 inmundum
1772 1491 1787 1508 ·
1848 1460 1927 1519 Et
1955 1479 2029 1520 ex

1397 1553 1674 1613 clamauit
1698 1572 1851 1613 uoce
1879 1571 2018 1631 mag

1398 1665 1476 1706 na
1514 1646 1803 1707 ⁸⁴dicens·
1852 1648 1995 1725 quid
2016 1664 2097 1707 no

1397 1740 1489 1800 bis
1517 1749 1574 1801 et
1602 1742 1703 1800 tibi
1732 1741 1832 1799 ihu
1862 1759 2013 1801 nazo

1396 1852 1607 1893 reneae
1630 1865 1645 1881 ·
1705 1833 1935 1895 Uenisti
1957 1846 2056 1912 p0r

1398 1928 1537 1988 dere
1561 1946 1674 1988 nos
1694 1960 1710 1975 ·
1773 1928 1909 1988 Scio
1938 1940 1997 1989 te

1397 2023 1497 2101 qui
1514 2041 1578 2082 es
1596 2029 1689 2082 scs
1712 2023 1773 2082 di
1795 2054 1810 2070 ·
1853 2022 1899 2057 ⁸⁸
1916 2026 1993 2083 Et
2011 2026 2076 2083 in

1398 2100 1657 2193 crepauit
1682 2117 1843 2175 illum
1872 2117 1961 2177 ihs

1398 2208 1601 2269 dicens
1662 2211 1935 2272 obmutes

1398 2320 1469 2363 ce
1495 2312 1554 2363 et
1587 2304 1683 2363 exi
1709 2305 1783 2365 ab
1811 2306 1911 2366 illo
1932 2337 1947 2353 ·
1974 2338 2061 2352 —

1398 2649 2094 2728 Etcumproiecissetillfi·

1400 2743 1780 2804 daemonium
1808 2747 1949 2806 exiit
1978 2748 2054 2806 ab

1401 2837 1499 2896 illo
1521 2837 1730 2916 nihilqs
1752 2838 1831 2898 illi
1853 2842 2052 2900 nocuit
2074 2873 2089 2889 ·

1400 2929 1521 2990 ⁸⁸Et
1540 2930 1725 2991 factus
1740 2945 2023 3012 estpauor
2032 2955 2098 2995 su

1399 3043 1507 3102 per
1532 3044 1741 3086 omnes
1764 3058 1778 3074 ·
1820 3028 1899 3088 Et
1926 3030 2101 3091 conlo

1400 3120 1727 3197 quebantur
1755 3124 1832 3182 ad
1858 3125 1979 3182 inui

1401 3231 1531 3273 cem
1565 3215 1827 3277 dicentes
1845 3248 1860 3263 ·
1920 3219 2063 3297 quid

1401 3317 1490 3366 est
1508 3307 1624 3368 hoc
1650 3312 1897 3370 uerbum
1919 3343 1934 3359 ·

1402 3401 1563 3478 quod
1589 3403 1649 3460 in
1678 3414 1963 3480 potestate

1402 3505 1461 3553 et
1488 3495 1696 3555 uirtute
1724 3498 1973 3576 imperat

1402 3588 1697 3650 inmundis
1726 3594 1980 3668 spiritib‘»

1402 3692 1461 3741 et
1482 3695 1698 3743 exeunt
1718 3717 1732 3732 ·
1776 3687 1906 3748 ”Et
1925 3690 2081 3748 diuul

1399 3777 1647 3852 gabatur
1672 3778 1831 3839 fama
1858 3783 1931 3841 de
1959 3783 2059 3843 illo

1400 3871 1461 3929 in
1484 3889 1725 3932 omnem
1754 3874 1949 3934 locum
1975 3879 2099 3954 regi

1400 3965 1534 4024 onis
1554 3997 1568 4011 ·
1592 3998 1605 4012 ·
1626 3966 1671 4000 ⁸⁸
1690 3967 1948 4046 Surgens
1965 3977 2097 4032 aute

1401 4058 1474 4118 de
1504 4077 1809 4140 synagoga
1836 4064 1987 4126 intra

1400 4154 1485 4213 uit
1504 4155 1565 4213 in
1594 4156 1836 4217 domum
1867 4160 2017 4221 simo

1401 4249 1492 4308 nis
1514 4280 1531 4296 ·
1598 4249 1812 4312 Socrus
1839 4258 1973 4313 aute

1398 4344 1642 4404 simonis
1669 4349 1975 4408 tenebatur

1399 4440 1631 4518 magnis
1660 4439 1915 4505 febribus

2195 515 2276 575 Et
2301 525 2654 593 rogauerunt
2682 514 2832 576 iuu-

3569 360 3653 435 79

2947 514 3130 578 Secus
3159 527 3434 597 stagnum
3461 539 3582 598 gen
3679 532 3804 585 ποι.
3825 533 3924 582 96.

2194 628 2304 687 pro
2333 628 2406 670 ea
2429 642 2444 657 ·
2485 610 2531 644 ⁸⁹
2547 610 2624 670 Et
2645 619 2804 671 stans
2826 629 2896 671 su
2946 614 3217 673 nesareth
3239 646 3254 663 ·
3297 613 3320 647 ¹
3337 626 3398 675 et
3416 618 3478 676 ui

2196 722 2303 783 per
2330 704 2489 763 illam
2545 705 2770 782 impera

2197 798 2280 857 uit
2307 798 2453 857 febri
2520 810 2578 858 et
2606 800 2750 858 dimi

2199 894 2272 952 sit
2299 893 2457 951 illam
2475 925 2490 940 ·
2551 893 2630 952 Et
2659 895 2820 954 conti

2199 1004 2321 1046 nuo
2347 1005 2591 1063 surgens
2618 985 2792 1048 minis

2198 1082 2387 1139 trabat
2414 1081 2523 1139 illis
2545 1112 2560 1128 ·
2602 1080 2649 1115 ⁴⁰
2666 1082 2822 1142 Cum

2201 1175 2289 1234 sol
2316 1172 2512 1234 autem
2539 1177 2761 1237 occidis

2202 1277 2289 1327 set
2311 1300 2326 1316 ·
2391 1287 2603 1329 omnes
2630 1272 2730 1349 qui
2757 1270 2836 1331 ha

2201 1363 2418 1422 bebant
2440 1363 2704 1424 infirmos
2722 1395 2737 1412 ·

2201 1454 2378 1515 uariis
2404 1456 2780 1535 languoribus

2204 1550 2494 1609 ducebant
2521 1551 2650 1611 illos
2677 1552 2754 1612 ad
2780 1559 2855 1613 est
2885 1586 2900 1601 ·

2203 1644 2284 1701 At
2311 1642 2404 1702 ille
2432 1644 2675 1723 singulis
2701 1665 2802 1707 ma

2202 1755 2346 1795 num
2375 1737 2670 1814 inponens
2699 1758 2768 1801 sa

2202 1830 2380 1890 nabat
2397 1849 2502 1891 eos
2525 1864 2540 1879 ·
2582 1832 2906 1897 “exiebant

2202 1935 2402 1983 autem
2429 1937 2487 1985 et
2508 1926 2821 1990 daemonia

2204 2037 2242 2079 a
2268 2019 2464 2078 multis
2479 2051 2494 2067 ·
2557 2022 2875 2085 clamantes

2203 2123 2260 2172 et
2288 2113 2547 2174 dicentes
2575 2118 2712 2193 quia
2737 2128 2802 2177 tu

2205 2226 2268 2267 es
2290 2213 2401 2285 xps
2422 2208 2573 2268 filius
2596 2210 2656 2269 di
2678 2242 2693 2257 ·
2735 2213 2814 2272 Et
2841 2214 2904 2273 in

2204 2320 2451 2379 crepans
2479 2322 2600 2363 non
2630 2305 2754 2365 sine

2205 2396 2304 2454 bat
2330 2414 2431 2455 eas
2453 2397 2614 2476 loqui
2635 2431 2648 2446 ·
2709 2402 2849 2478 quia

2204 2490 2468 2551 sciebant
2494 2493 2688 2570 ipsum
2715 2514 2844 2556 esse

2205 2627 2349 2700 xpm
2371 2653 2386 2670 ·
2427 2625 2474 2659 ⁴²
2489 2624 2668 2686 Facta
2687 2631 2823 2687 aute

2208 2716 2303 2776 die
2325 2747 2342 2764 ·
2405 2734 2674 2794 egressus
2702 2722 2823 2782 ibat

2206 2810 2268 2869 in
2291 2810 2582 2871 desertum
2612 2814 2748 2875 locu
2767 2845 2782 2863 ·

2207 2913 2266 2963 et
2293 2905 2495 2965 turbae
2520 2909 2747 2986 require

2208 2999 2350 3060 bant
2378 3018 2516 3059 eum
2540 3032 2555 3048 ·
2625 3012 2684 3062 et
2712 3021 2862 3064 uene

2206 3104 2340 3152 runt
2366 3112 2552 3172 usque
2587 3091 2662 3154 ad
2691 3098 2822 3174 ipsu
2847 3129 2862 3145 ·

2208 3196 2265 3246 et
2284 3187 2613 3247 retinebant
2632 3191 2795 3250 illum

2204 3289 2268 3339 ut
2294 3282 2371 3339 ab
2397 3282 2538 3359 ipsis
2567 3302 2691 3344 non
2719 3287 2879 3346 disce

2207 3375 2371 3434 deret
2393 3407 2409 3422 ·
2451 3375 2496 3409 ⁴³
2518 3377 2754 3450 Quibus
2783 3380 2878 3440 ille

2206 3469 2286 3528 ait
2307 3500 2322 3516 ·
2393 3471 2531 3548 quia
2559 3481 2618 3530 et
2640 3473 2764 3532 aliis
2793 3476 2906 3536 ciui

2202 3563 2415 3622 tatibus
2444 3575 2675 3642 oportet
2703 3587 2797 3629 me

2204 3657 2604 3732 euangelizare
2632 3680 2738 3739 reg

2205 3767 2350 3808 num
2377 3750 2438 3810 di
2461 3783 2476 3798 ·
2535 3754 2672 3832 quia
2693 3755 2770 3816 ad
2789 3756 2906 3818 hoc

2203 3845 2415 3904 missus
2445 3865 2576 3907 sum
2606 3874 2689 3903 0-

2325 3965 2410 3990 m
2509 3965 2596 3996 Q*
2702 3969 2785 3998 Φ

2157 4029 2186 4064 *
2208 4034 2253 4066 “
2269 4032 2348 4093 Et
2375 4044 2498 4094 erat
2517 4037 2866 4113 praedicans

2156 4126 2185 4160 *
2206 4129 2267 4187 in
2296 4131 2613 4208 synagogis
2640 4132 2759 4209 gali

2155 4221 2329 4283 ¹⁸¹⁴leae
2350 4257 2364 4270 ·
2449 4233 2510 4286 5.
2533 4224 2552 4257 ¹
2571 4225 2751 4286 fatum
2777 4238 2866 4288 est

2204 4329 2398 4379 autem
2426 4337 2564 4379 curn
2591 4323 2796 4383 turbae

2203 4414 2498 4474 inruerent
2518 4416 2580 4475 in
2606 4434 2744 4476 eum
2761 4448 2776 4464 ·

2203 4519 2267 4568 ut
2295 4510 2543 4569 mdiu-ent
2571 4514 2754 4571 uerbii
2785 4511 2846 4573 di

2202 4613 2260 4663 et
2286 4603 2413 4680 ipse
2438 4613 2562 4665 erat
2589 4614 2748 4665 stans

2948 706 3033 765 dit
3055 708 3199 768 duas
3229 727 3412 771 naues
3443 724 3534 775 sta

2948 820 3011 860 re
3034 819 3202 864 secus
3229 815 3492 883 stagnu-
3511 839 3530 857 ·

2949 895 3270 972 piscatores
3290 911 3487 962 autem

2951 989 3375 1054 descenderant
3401 1006 3459 1056 et

2951 1081 3230 1145 lauabant
3257 1091 3400 1151 retia
3422 1125 3439 1142 ·

2952 1175 2974 1210 ⁸
2995 1177 3346 1243 Ascendens
3373 1194 3508 1249 aute
3535 1188 3628 1249 ihs

2951 1270 3014 1329 in
3043 1289 3256 1334 nauem
3289 1298 3446 1357 quae

2951 1376 3075 1426 erat
3102 1369 3343 1433 simonis
3366 1406 3381 1422 ·
3439 1395 3508 1437 ro

2951 1461 3116 1535 gauit
3143 1480 3278 1523 eum
3305 1478 3370 1528 ut
3392 1469 3539 1531 indu

2953 1564 3150 1614 cerent
3177 1574 3214 1615 a
3233 1568 3384 1621 terra
3411 1563 3486 1622 ali

2953 1651 3298 1724 quantulum
3377 1666 3436 1717 et
3465 1676 3530 1719 se

2955 1741 3104 1802 dens
3140 1744 3389 1809 docebat
3409 1753 3485 1811 de
3511 1772 3591 1815 na

2951 1836 3146 1897 uicula
3172 1842 3370 1903 turbas
3393 1875 3408 1891 ·

2951 1929 2976 1965 ⁴
2993 1928 3076 1992 Ut
3103 1936 3352 1998 cessauit
3379 1949 3575 2002 autem
3595 1941 3655 2003 lo

2953 2025 3055 2103 qui
3075 2056 3089 2072 ·
3161 2027 3306 2089 dixit
3333 2033 3412 2092 ad
3441 2035 3594 2095 simo

2951 2136 3090 2178 nem
3121 2152 3138 2167 ·
3207 2123 3320 2184 duc
3349 2127 3409 2185 in
3438 2128 3655 2191 altum·

2951 2220 3011 2271 et
3037 2213 3225 2275 laxate
3258 2220 3399 2279 retia
3425 2240 3530 2282 ues

2953 2316 3044 2365 tra
3069 2307 3132 2366 in
3161 2322 3464 2389 capturam
3483 2348 3499 2363 ·

2953 2398 2976 2431 ⁸
2992 2399 3071 2459 Et
3087 2407 3450 2479 respondens
3473 2411 3658 2471 sim⁰n

2955 2492 3098 2554 dixit
3127 2496 3205 2556 illi
3271 2518 3526 2582 praecep

2952 2634 3046 2686 tor
3111 2646 3218 2706 per
3243 2639 3429 2692 totam
3457 2653 3574 2696 noc

2954 2729 3074 2778 tem
3103 2722 3436 2786 laborantes
3463 2730 3526 2788 ni

2955 2811 3038 2872 hil
3064 2817 3328 2893 cepimus
3386 2822 3492 2882 sed

2955 2905 3019 2965 in
3045 2911 3228 2970 uerbo
3256 2921 3358 2972 tuo
3386 2915 3600 2977 laxabo

2954 3002 3098 3060 retia
3115 3033 3130 3048 ·
3188 3004 3284 3066 ‘et
3311 3025 3447 3066 curn
3475 3009 3596 3076 hoc

2954 3092 3228 3157 fecissent
3253 3103 3466 3164 conclu

2955 3203 3154 3250 serunt
3181 3193 3432 3269 piscium

2955 3284 3385 3349 multitudinem
3417 3293 3554 3371 copi

2955 3394 3123 3438 osam
3145 3411 3162 3428 ·
3231 3387 3560 3462 rumpeban

2955 3481 3046 3530 tur
3074 3483 3269 3533 autern
3297 3479 3440 3538 retia
3463 3498 3543 3556 eo

2954 3581 3085 3623 rum
3107 3598 3122 3613 ·
3163 3567 3262 3629 ''et
3287 3571 3604 3634 innuerunt

2957 3660 3130 3718 sociis
3159 3664 3260 3739 qui
3287 3676 3452 3725 erant
3471 3667 3532 3726 in
3561 3686 3600 3728 a

2954 3750 3032 3810 lia
3065 3757 3202 3813 naui
3225 3787 3240 3802 ·
3303 3770 3367 3819 ut
3388 3761 3658 3823 uenirent

2955 3857 3015 3904 et
3041 3848 3385 3912 adiuuarent
3410 3872 3515 3914 eos

2955 3937 3036 3998 Et
3060 3957 3343 4004 uenerunt
3371 3957 3428 4007 et
3453 3948 3636 4028 imple

2955 4047 3168 4096 uerunt
3193 4040 3400 4100 ambas
3427 4061 3506 4103 na

2953 4130 3177 4191 uiculas
3207 4133 3285 4192 ita
3312 4145 3376 4193 ut
3403 4155 3532 4197 mer

2953 4236 3226 4300 gerentur
3247 4258 3262 4274 ·
3306 4228 3328 4261 ⁸
3344 4228 3506 4306 quod

2953 4336 3090 4378 cum
3115 4319 3337 4380 uideret
3357 4323 3553 4383 simon

2951 4423 3152 4490 petrus
3175 4445 3189 4460 ·
3217 4445 3232 4461 ·
3301 4417 3551 4492 procidit

2951 4508 3027 4567 ad
3053 4525 3247 4584 genua
3275 4508 3376 4567 ihu
3409 4509 3612 4572 dicens
3635 4543 3651 4562 ·

2949 4599 3064 4661 Exi
3089 4620 3128 4663 a
3152 4620 3250 4662 me
3271 4602 3386 4663 dfie
3409 4637 3424 4652 ·
3488 4606 3628 4686 quia
