4373 5048
560 384 654 436 XI.
675 384 903 447 33—X11.
933 379 1040 447 25·]

257 566 391 618 rol.
413 566 537 615 188.
564 546 700 609 dico
727 549 790 607 in
819 566 936 626 qua
961 556 1134 625 potes

561 652 681 702 tate
709 642 856 702 haec
885 641 1036 701 facio
1063 673 1076 687 ·
1099 674 1142 686 -

563 736 760 797 12.¹Et
772 737 968 814 coepit
983 735 1090 795 illis
1109 736 1170 793 in
1189 753 1267 814 pa

568 831 784 891 rabolis
811 830 973 907 loqui
1000 862 1016 879 ·

563 924 818 984 Uineam
847 925 1047 1001 planta

564 1018 652 1078 uit
678 1018 864 1079 homo
892 1018 968 1077 Et
999 1018 1156 1078 circii

564 1113 724 1173 dedit
751 1131 956 1190 sepem
984 1112 1060 1171 Et

563 1207 710 1267 fodit
738 1207 935 1267 locum
965 1206 1043 1265 Et
1069 1224 1142 1266 ae

562 1300 818 1360 dificauit
836 1306 986 1360 turre

565 1404 624 1455 et
649 1394 882 1455 tradidit
908 1412 1041 1454 eam
1070 1413 1144 1455 co

565 1489 717 1549 lonis
741 1520 756 1537 ·
828 1488 908 1549 Et
938 1508 1179 1567 peregre

566 1584 864 1662 profectus
893 1592 980 1643 est
1002 1613 1018 1630 ·

565 1675 590 1708 ²
607 1676 684 1736 Et
711 1677 868 1737 misit
895 1676 972 1737 ad
999 1675 1249 1737 colonos

566 1770 627 1830 in
654 1780 921 1849 tempore
951 1790 1042 1830 ser

565 1882 708 1925 uum
733 1874 799 1923 ut
827 1864 1014 1924 fructu

565 1978 640 2019 ex
667 1960 876 2019 uineae
905 1959 1134 2019 daretur

566 2053 654 2113 ei·
729 2052 752 2085 ³
769 2052 848 2112 Et
875 2053 1172 2130 adprehen

567 2164 698 2208 sum
725 2165 862 2207 eum
891 2146 1090 2207 cecide

567 2251 700 2300 runt
727 2250 787 2300 et
813 2240 1020 2301 dimise

561 2344 699 2394 'runt
725 2351 976 2394 uacuum

569 2466 590 2499 ⁴
609 2474 667 2526 et
694 2466 902 2524 iterum
929 2465 1085 2526 misit
1113 2465 1189 2524 ad

570 2559 698 2620 illos
727 2561 903 2619 alium
935 2567 1105 2620 serui!
1127 2591 1141 2606 ·

571 2664 630 2714 et
657 2653 818 2712 illum
846 2654 1182 2714 ceciderunt
1227 2657 1232 2662 “

571 2758 630 2808 et
657 2747 1008 2808 contumelia
1035 2747 1168 2806 adse

573 2851 777 2901 cerunt
799 2873 814 2889 ·
835 2873 850 2888 ·
872 2873 886 2888 ·
929 2840 954 2874 ⁸
975 2841 1054 2900 Et
1081 2843 1230 2901 iterii

573 2935 750 2995 alium
771 2936 928 2995 misit
955 2942 1128 2996 seruii

575 3039 635 3090 et
661 3030 820 3089 illum
842 3030 1175 3090 ceciderunt

573 3135 632 3183 et
658 3124 850 3202 plures
879 3124 1025 3184 alios
1054 3141 1206 3203 quos

574 3217 712 3278 dam
739 3217 1070 3280 ceciderunt
1092 3250 1108 3266 ·

573 3323 632 3372 et
659 3313 948 3390 quosdam
976 3315 1125 3372 inter

573 3406 861 3468 fecerunt·
889 3439 903 3454 ·
929 3437 945 3454 ·
987 3408 1010 3440 ⁸
1027 3406 1241 3466 Adhuc

575 3518 718 3578 ergo
749 3519 884 3561 cum
911 3500 1153 3561 haberet

575 3593 756 3654 filium
783 3595 1023 3655 unicum
1054 3594 1112 3653 di

573 3688 787 3748 lectum
813 3720 826 3734 ·
913 3699 970 3748 et
999 3689 1180 3748 filium

573 3783 732 3841 misit
755 3781 1144 3841 nouissimu-·

576 3874 778 3936 dicens
801 3907 816 3923 ·
897 3875 1097 3952 utique
1126 3874 1167 3934 fi

575 3968 718 4028 lium
745 3986 943 4027 meum
970 3986 1108 4027 reue

575 4065 853 4123 rebuntur
977 4063 1000 4097 ⁷
1021 4063 1155 4122 colo

575 4156 636 4214 ni
661 4166 856 4216 autem
886 4156 964 4215 illi
981 4189 996 4204 ·
1067 4157 1201 4217 dixe

574 4261 706 4310 mnt
733 4251 809 4311 ad
839 4251 1092 4311 inuicem

1919 369 2224 432 MARC·
2250 400 2263 416 -

1315 545 1410 607 hic
1439 554 1528 607 est
1556 546 1723 607 heres
1743 578 1756 595 ·
1816 548 1956 607 ueni

1315 650 1372 700 te
1399 641 1737 701 occidamus
1765 659 1903 701 eum

1315 745 1374 795 et
1401 744 1602 795 nostra
1629 736 1731 795 erit
1760 736 1900 795 here

1316 829 1465 889 ditas
1484 861 1498 877 ·
1571 829 1592 862 ⁸
1611 848 1787 909 quem
1817 830 1892 889 ad

1315 924 1668 1001 prehensum
1695 924 1902 985 occide

1317 1026 1449 1076 runt
1477 1036 1616 1076 eum
1638 1049 1652 1065 ·
1723 1027 1782 1077 et
1808 1037 1917 1096 pro

1316 1111 1574 1172 iecerunt
1601 1130 1738 1171 eum
1766 1122 1930 1173 extra

1316 1206 1552 1264 uincam
1573 1237 1587 1253 ·
1649 1206 1672 1240 ⁹
1693 1206 1834 1283 quid
1861 1224 2002 1284 ergo

1317 1297 1488 1360 faciet
1515 1299 1626 1359 dr‘rs
1652 1300 1858 1359 uineae
1878 1330 1894 1347 ·

1315 1394 1510 1453 ueniet
1538 1404 1596 1452 et
1624 1393 1825 1469 perdet

1319 1487 1568 1546 colonos
1597 1496 1654 1545 et
1683 1486 1842 1546 dabit
1869 1486 1930 1546 ui

1321 1598 1496 1640 neam
1524 1580 1649 1640 aliis
1667 1612 1682 1627 ·
1765 1579 1812 1615 ¹⁰
1827 1580 1958 1642 Nec

1321 1675 1665 1751 scripturam
1684 1673 1838 1734 hanc

1318 1768 1537 1845 legistis
1617 1768 1870 1845 lapidem

1323 1878 1501 1941 quem
1529 1864 1853 1939 reprobaue

1322 1965 1457 2015 runt
1484 1955 1856 2016 aedificantes

1322 2049 1418 2109 hic
1447 2048 1634 2109 factus
1661 2059 1748 2109 est
1778 2051 1838 2109 in
1866 2068 1937 2110 ca

1322 2152 1428 2220 put
1457 2143 1652 2220 anguli
1671 2174 1686 2191 ·
1761 2144 1798 2177 ¹¹
1819 2163 1856 2203 a
1881 2144 2002 2203 dno

1321 2235 1506 2297 factus
1533 2246 1622 2297 est
1649 2238 1792 2297 istae

1322 2341 1380 2390 et
1408 2340 1496 2390 est
1523 2331 1799 2391 mirabilis
1827 2332 1886 2391 in

1324 2461 1512 2521 oculis
1539 2463 1750 2524 nostris
1769 2496 1782 2510 ·
1803 2496 1886 2507 —

1323 2553 1366 2588 ²²
1381 2556 1458 2615 Et
1485 2559 1842 2634 quaerebant
1869 2577 2005 2618 eum

1320 2659 1516 2711 tenere
1546 2661 1606 2710 et
1634 2653 1811 2712 timue

1322 2753 1456 2802 runt
1484 2746 1714 2804 turbam
1731 2765 1754 2794 ··

1323 2849 1723 2916 cognouerunt

1323 2932 1482 2992 enim
1511 2938 1656 3010 qiim
1684 2932 1760 2992 ad
1785 2933 1914 2993 illos

1321 3026 1664 3103 parabolam
1692 3027 1834 3088 dixit
1855 3059 1870 3075 ·

1325 3118 1444 3193 Qui
1471 3120 1673 3180 relicto
1699 3139 1776 3181 eo
1804 3121 1942 3181 habi

1322 3223 1489 3273 erunt
1513 3246 1526 3261 ·
1597 3213 1644 3248 ¹⁸
1660 3223 1718 3275 et
1745 3216 1978 3274 mittunt

1324 3307 1613 3385 quosdam
1639 3327 1712 3369 ex
1742 3309 1862 3387 pha.

1324 3402 1486 3462 riseis
1571 3412 1628 3462 et
1656 3402 1862 3463 herodi

1326 3496 1454 3556 anis
1479 3505 1544 3554 ut
1570 3515 1705 3555 eum
1735 3515 1846 3574 cap

1325 3599 1514 3649 tarent
1538 3591 1724 3650 uerbo
1741 3625 1823 3634 —

1324 3681 1370 3717 ¹⁴
1389 3683 1465 3743 Et
1492 3684 1570 3743 illi
1597 3685 1901 3745 uenientes

1327 3779 1828 3855 interrogauerunt

1326 3890 1462 3932 eum
1491 3872 1734 3932 subdole
1752 3905 1766 3922 ·

1329 3964 1613 4042 Magister
1641 3967 1858 4026 scimus

1329 4060 1466 4137 quia
1493 4078 1671 4119 uerax
1700 4078 1764 4119 es
1787 4092 1801 4108 ·

1329 4163 1386 4213 et
1414 4154 1487 4214 de
1515 4154 1677 4214 nullo
1701 4154 1805 4214 tibi
1833 4173 1909 4214 cu

1327 4266 1392 4308 ra
1419 4256 1508 4307 est
1529 4279 1544 4295 ·
1627 4266 1740 4308 nec
1769 4247 1924 4308 enim

2117 547 2360 626 respicis
2388 547 2448 605 in
2478 557 2575 625 p0r

2119 660 2301 701 sonas
2329 642 2495 701 homi

2118 753 2265 795 num
2292 736 2397 795 sed
2425 737 2487 795 in
2512 754 2589 796 ue

2117 830 2281 891 ritate
2308 830 2468 889 uiam
2496 830 2557 889 di

2117 923 2301 983 doces
2320 954 2334 971 ·
2405 922 2518 982 Dic
2541 942 2605 984 er

2119 1034 2199 1095 go
2229 1018 2401 1077 nobis
2430 1018 2478 1077 si
2505 1018 2639 1077 licet

2119 1113 2398 1171 tributum
2426 1111 2547 1174 dari
2576 1131 2645 1173 ce

2121 1208 2236 1265 sari
2316 1206 2522 1264 demus
2551 1216 2650 1265 aut

2120 1318 2245 1359 non
2274 1300 2479 1359 demus
2498 1330 2513 1347 ·
2572 1299 2714 1359 1’At

2121 1394 2211 1453 ihs
2240 1410 2375 1452 cum
2401 1393 2649 1453 uidisset

2120 1488 2405 1546 uersutias
2432 1486 2530 1546 illo

2121 1600 2255 1640 rum
2322 1581 2403 1641 ait
2429 1579 2539 1641 illis

2120 1673 2263 1753 quid
2290 1692 2387 1734 me
2416 1683 2594 1733 temta

2123 1770 2199 1829 tis
2226 1768 2565 1847 hypocritae
2588 1794 2603 1811 ·

2123 1862 2339 1922 adferte
2369 1861 2511 1921 mihi
2540 1861 2614 1921 de

2124 1956 2351 2015 narium
2378 1963 2444 2015 ut
2470 1954 2645 2015 uidea

2122 2048 2166 2083 ¹⁶
2182 2059 2243 2109 at
2270 2049 2351 2107 illi
2379 2049 2686 2109 attulerunt
2704 2080 2719 2097 ·

2116 2145 2195 2205 Et
2223 2144 2303 2202 ait
2330 2143 2439 2203 illis
2522 2143 2686 2203 cuius

2117 2248 2208 2298 est
2236 2237 2435 2314 imago
2465 2237 2613 2298 haec

2117 2342 2176 2393 et
2196 2331 2494 2411 inscriptio

2117 2464 2319 2524 dicunt
2344 2463 2396 2523 ei
2424 2480 2531 2523 cae

2118 2559 2263 2618 saris
2285 2590 2299 2605 ·
2364 2556 2409 2590 ¹⁷
2428 2556 2673 2633 Respon

2118 2652 2266 2711 dens
2295 2659 2488 2710 autem
2519 2651 2609 2710 ihs

2116 2745 2265 2805 dixit
2290 2744 2400 2803 illis
2422 2769 2438 2786 ·
2480 2743 2642 2804 reddi

2118 2849 2176 2899 te
2205 2857 2348 2916 ergo
2376 2857 2527 2916 quae
2556 2847 2692 2898 sunt

2118 2933 2368 2992 caesaris
2396 2933 2614 2992 caesari
2631 2963 2714 2978 -

2117 3037 2177 3086 et
2206 3045 2354 3106 quae
2384 3035 2518 3086 sunt
2547 3025 2607 3086 di
2632 3025 2711 3085 d6

2116 3131 2175 3181 et
2203 3121 2563 3179 mirabantur
2590 3138 2659 3179 su

3450 386 3571 455 129

2870 554 2929 606 et
2956 544 3105 607 filios
3132 563 3258 609 non

2869 640 3159 719 reliquerit
3178 674 3193 689 ·

2871 732 2953 793 Ut
2978 735 3225 812 accipiat
3252 734 3423 795 frater

2870 829 2994 887 eius
3021 846 3267 889 uxorem
3295 830 3419 889 eius

2869 930 2929 980 et
2955 924 3250 982 resuscitet
3278 934 3471 983 semen

2872 1013 3028 1074 fratri
3057 1033 3166 1075 suo
3188 1048 3200 1063 ·
3262 1013 3308 1049 ²⁰
3329 1018 3453 1077 Fue

2873 1118 3007 1167 runt
3034 1109 3192 1186 apud
3220 1128 3332 1171 nos
3360 1129 3467 1189 sep

2872 1210 2993 1260 tem
3021 1200 3224 1263 fratres
3306 1213 3364 1264 et
3390 1205 3480 1281 pri

2874 1309 3007 1354 mus
3033 1296 3260 1373 accepit
3285 1302 3467 1358 uxore

2872 1398 2932 1448 et
2958 1398 3221 1450 mortuus
3248 1399 3337 1449 est
3364 1408 3489 1451 non

2873 1480 3075 1541 relicto
3104 1483 3325 1542 semine
3348 1514 3361 1535 ·

2874 1572 2919 1607 ²¹
2937 1574 3013 1633 Et
3034 1576 3323 1636 secundus
3351 1578 3578 1655 accepit

2874 1686 3007 1727 eam
3034 1678 3091 1727 et
3118 1680 3381 1731 mortuus

2875 1770 2965 1821 est
3044 1772 3103 1821 et
3130 1781 3240 1823 nec
3268 1763 3358 1823 ille
3387 1782 3449 1824 re

2876 1854 3041 1933 liquit
3068 1873 3269 1915 semen
3290 1886 3307 1903 ·
3378 1856 3457 1918 Et

2876 1949 3074 2008 tertius
3104 1950 3360 2010 similiter

2875 2038 3013 2101 ”Et
3039 2054 3389 2121 acceperunt
3416 2061 3555 2105 eam

2875 2146 3099 2213 septem
3120 2170 3133 2185 ·
3220 2140 3395 2199 nouis

2874 2231 3019 2290 sime
3048 2241 3244 2291 autem
3272 2250 3374 2292 om

2872 2324 3038 2383 nium
3066 2336 3299 2387 mortua

2871 2466 2960 2516 est
2988 2465 3045 2515 et
3072 2457 3277 2517 mulier
3301 2491 3314 2506 ·

2870 2547 2915 2582 ²⁸
2936 2550 3009 2609 In
3042 2552 3390 2613 resurrectio

2872 2661 2947 2702 ne
2967 2673 2981 2692 ο
3054 2661 3189 2703 curn
3218 2663 3279 2704 re

2871 2745 3111 2813 surgent
3138 2737 3303 2796 cuius

2870 2829 3103 2890 illorum
3130 2830 3237 2890 erit
3264 2849 3344 2890 ux

2872 2941 2940 2983 or
2963 2955 2976 2970 ·
3042 2933 3268 3001 septem
3295 2931 3392 2984 eni

2873 3017 3197 3077 habuerunt
3237 3018 3335 3077 illa

2873 3128 3117 3172 uxorem
3136 3144 3149 3158 -
3212 3109 3258 3146 ¹⁴
3274 3111 3352 3172 Et
3382 3133 3442 3173 re

2118 3234 2221 3293 per
2246 3232 2383 3274 eum
2402 3247 2416 3262 .
2444 3247 2457 3262 .
2484 3247 2499 3262 .
2528 3211 2571 3248 ¹⁸
2588 3213 2667 3288 Et
2692 3233 2766 3273 ue
2847 3203 3146 3282 spondens
3174 3205 3263 3264 ihs
3291 3207 3373 3266 ait

2118 3318 2326 3367 nerunt
2353 3308 2431 3367 ad
2456 3327 2592 3368 eum
2622 3308 2727 3369 sad

2120 3403 2327 3462 ducaei
2354 3402 2455 3480 qui
2483 3402 2683 3462 dicunt

2117 3497 2601 3557 resurrectionem

2124 3611 2251 3652 non
2278 3610 2408 3652 esse
2432 3623 2447 3640 ·
2516 3591 2594 3651 Et
2622 3591 2683 3650 in

2122 3686 2494 3762 terrogabant
2521 3696 2646 3744 eu-

2124 3779 2385 3839 dicentes
2410 3805 2425 3820 ·
2496 3778 2539 3813 ¹⁹
2556 3780 2747 3857 magis

2123 3883 2209 3933 ter
2288 3889 2522 3949 moyses
2551 3873 2705 3950 scrip

2126 3967 2201 4025 sit
2228 3966 2399 4025 nobis
2481 3965 2643 4042 quod
2671 3967 2719 4026 si

2125 4059 2366 4120 alicuius
2394 4058 2565 4118 frater

2126 4163 2390 4213 mortuus
2417 4152 2585 4213 fuerit

2161 4255 2186 4306 t
2212 4247 2478 4309 habuerit
2504 4253 2689 4308 uxore

2870 3297 2985 3358 illis
3007 3331 3022 3347 ·
3092 3316 3217 3359 non
3244 3298 3377 3359 ideo

2879 3393 3079 3453 erratis
3106 3393 3361 3470 ignoran

2880 3496 2967 3547 tes
2996 3487 3310 3565 scripturas

2878 3590 2936 3640 et
2962 3580 3233 3642 uirtutem
3263 3580 3360 3640 di·-

2878 3671 2924 3708 ’θ
2941 3674 3095 3734 Cum
3122 3676 3279 3734 enim
3308 3694 3345 3735 a
3374 3693 3504 3736 mor

2879 3769 2993 3828 tuis
3022 3787 3285 3828 resurrex

2879 3863 3028 3923 erint
3112 3881 3339 3940 nequae

2878 3958 3106 4016 nubunt
3174 3975 3363 4035 neque

2880 4052 3171 4111 nubentur
3188 4083 3203 4100 ·
3288 4050 3393 4111 sed

2880 4154 3017 4204 sunt
3045 4145 3194 4204 sicut
3221 4161 3375 4220 ange

2879 4235 2919 4298 li
2947 4237 3009 4296 in
3036 4235 3211 4298 caelis
3228 4269 3245 4286 ·

3208 4349 3239 4390 s

3597 550 3723 599 1⁸01.
3744 550 3870 601 189.
