4373 5048
801 323 888 386 94
2179 308 2425 371 SECD
2451 338 2465 354 ·
3289 316 3433 380 [κη.
3450 318 3715 384 49-xn1.
3738 316 3821 367 16.

461 492 584 541 ποι.
603 496 724 545 125.
748 486 780 522 *
801 480 846 517 ⁴⁹
867 483 1078 561 Ignem
1105 484 1243 543 ueni
1272 486 1378 544 mit
1550 484 1666 544 hoc
1696 494 1891 544 autem
1919 494 2150 561 tempus
2364 485 2425 542 in
2456 484 2660 543 siloam
2688 493 2747 543 et
2772 484 2987 544 occidit
3068 480 3097 515 *
3117 480 3163 515 ¹⁰
3180 480 3322 542 Erat
3350 490 3547 542 autem
3574 480 3799 541 docens
3838 478 3973 532 Pol.
3996 486 4133 535 180·

449 566 455 571 ’
743 577 773 611 *
799 588 918 637 tere
948 577 1008 635 in
1031 588 1242 637 terram
1558 580 1864 656 quomodo
1891 597 2015 638 non
2044 597 2154 656 pro
2362 578 2492 636 illos
2512 610 2526 624 ·
2588 579 2801 654 putatis
2828 584 2972 655 qum
3064 575 3095 608 *
3118 577 3178 635 in
3198 594 3319 635 una
3347 594 3655 653 synogoga

744 671 774 705 *
797 680 856 731 et
882 671 1022 749 quid
1055 704 1068 717 ·
1099 672 1240 731 uolo
1269 672 1320 731 si
1347 690 1418 731 ac
1552 672 1702 731 batis
1734 704 1747 717 ·
1776 702 1790 719 ·
1834 672 1878 705 ³⁷
1900 691 2079 750 quare
2107 691 2183 731 au
2358 670 2470 748 ipsi
2501 671 2791 731 debitores
2821 672 2915 731 fue
3062 668 3092 702 '⁸'
3111 689 3243 729 rum
3271 670 3526 729 sabbatis

792 764 1074 825 cendatur
1093 797 1108 811 ·
1153 764 1198 798 ³⁰
1220 766 1347 843 Bap
1551 774 1670 825 tem
1697 776 1754 825 et
1781 784 1818 824 a
1845 767 2018 826 uobis
2044 767 2184 844 ipsis
2356 775 2489 823 runt
2517 783 2691 841 super
2716 776 2916 826 omn0s
3108 762 3151 796 ¹²
3168 764 3248 823 Et
3272 782 3409 823 ecce
3438 762 3643 823 mulier
3661 780 3815 841 quae

790 857 964 916 tisma
990 858 1182 917 habeo
1216 860 1335 936 bap
1549 875 1672 916 non
1702 859 1968 919 iudicatis
1996 860 2149 937 qu⁰d
2356 856 2625 918 homines
2654 860 2753 936 qui
2782 860 2931 942 sede·
3108 856 3361 916 habebat
3390 861 3521 932 siim
3548 857 3609 914 in

789 950 956 1009 tizari
975 982 990 997 ·
1053 952 1133 1011 Et
1161 964 1375 1031 quomo
1547 952 1766 1011 iustum
1794 962 1884 1012 est
1905 984 1920 1001 ·
1965 954 2009 986 ³⁸
2027 955 2170 1013 dum
2354 950 2497 1009 bant
2522 951 2583 1009 in
2610 952 2892 1011 hierusale
2918 949 2941 1000 ·''
3110 951 3391 1009 firmitatis
3417 950 3587 1008 annis

789 1042 870 1104 do
899 1046 1098 1104 turbor
1165 1064 1300 1123 usqs
1544 1046 1702 1103 enim
1730 1046 1896 1106 uadis
1924 1065 2060 1107 cum
2354 1042 2377 1075 ⁸
2394 1062 2517 1104 non
2540 1076 2554 1091 ·
2615 1046 2751 1106 dico
2778 1047 2949 1108 uobis
3112 1045 3255 1104 dece
3282 1054 3341 1102 et
3368 1052 3505 1103 octo
3524 1074 3539 1089 ·
3598 1053 3723 1103 erat

790 1138 934 1196 dum
962 1139 1294 1215 perficiatur
1544 1138 1882 1199 aduersario
1903 1149 2005 1201 tuo
2354 1138 2467 1197 nisi
2495 1140 2873 1214 penitentiam
3108 1136 3384 1197 inclinata
3400 1168 3415 1183 ·
3474 1156 3585 1197 nec

787 1230 833 1264 ⁶¹
857 1230 1080 1291 Putatis
1107 1239 1250 1311 qiim
1278 1238 1426 1311 paci}
1545 1232 1605 1291 in
1635 1234 1732 1293 uia
1753 1265 1767 1280 ·
1830 1233 1906 1293 da
1933 1240 2113 1310 opera
2354 1230 2668 1293 habueritis
2690 1242 2893 1293 omnes
3106 1231 3351 1289 omnino
3384 1240 3609 1307 poterat

787 1326 926 1384 ueni
953 1327 1180 1385 mittere
1209 1328 1270 1386 in
1545 1326 1776 1385 liberari
1804 1330 1880 1387 ab
1909 1328 2008 1387 illo
2033 1360 2047 1374 ·
2353 1326 2612 1385 similiter
2640 1328 2821 1403 peribi
3108 1341 3309 1385 susum
3338 1326 3623 1401 respicere
3647 1356 3664 1372 ·

787 1428 1002 1478 terram
1025 1450 1039 1467 ·
1104 1438 1228 1479 non
1252 1452 1265 1468 ·
1337 1420 1399 1481 di
1545 1418 1638 1478 Ne
1669 1419 1814 1481 forte
1845 1421 2097 1481 condem
2352 1420 2425 1477 tis
2448 1451 2460 1465 ·
2484 1452 2497 1465 ·
2521 1451 2534 1466 ·
2580 1421 2601 1452 ⁶
2620 1418 2873 1480 Dicebat
2898 1427 3033 1482 aute
3106 1415 3151 1451 ¹²
3161 1418 3361 1490 Quam
3388 1436 3525 1477 cum
3551 1419 3789 1479 uidisset

787 1530 862 1571 co
891 1513 1065 1572 uobis
1095 1514 1196 1573 sed
1229 1533 1370 1591 sepa
1543 1524 1644 1572 net
1672 1522 1728 1573 te
1756 1514 1914 1591 apud
1943 1515 2062 1573 iudi
2350 1510 2504 1571 hanc
2532 1513 2902 1575 similitudine
2926 1548 2941 1562 ·
3102 1510 3193 1571 ihs
3248 1512 3483 1571 uocauit
3509 1530 3642 1571 eam

785 1607 1075 1665 rationem
1099 1639 1112 1653 ·
1149 1606 1194 1641 δ’
1211 1607 1400 1667 Erunt
1543 1624 1674 1665 cem
1743 1616 1801 1665 et
1833 1608 2006 1667 iudex
2037 1620 2123 1669 tra
2350 1606 2641 1665 Arborem
2669 1608 2847 1667 ficum
3103 1604 3178 1663 ad
3206 1622 3271 1663 se
3328 1614 3387 1663 et
3416 1606 3495 1665 ait
3522 1605 3599 1664 illi
3623 1636 3637 1652 ·

787 1700 947 1759 enim
975 1718 1048 1759 ex
1079 1700 1192 1760 hoc
1221 1703 1365 1780 quin
1542 1699 1642 1758 dat
1670 1712 1725 1759 te
1753 1702 2012 1761 exactori
2037 1733 2050 1748 ·
2349 1698 2552 1758 habuit
2580 1700 2817 1779 quidam
3102 1698 3305 1757 mulier
3335 1698 3572 1758 dimissa
3598 1716 3663 1758 es

787 1811 903 1869 que
933 1794 994 1850 in
1022 1793 1202 1853 domo
1230 1814 1348 1855 una
1542 1804 1598 1852 et
1625 1805 1864 1854 exactor
1891 1795 2081 1855 mittat
2347 1792 2667 1869 plantatam
2700 1795 2760 1853 in
2792 1796 2929 1855 uine
3100 1793 3177 1850 ab
3206 1792 3537 1851 infirmitate
3564 1801 3665 1851 tua
3686 1824 3703 1840 ·

786 1885 996 1944 diuisi·
1068 1897 1184 1947 tres
1213 1889 1273 1946 in
1541 1896 1596 1945 te
1628 1887 1688 1946 in
1716 1906 2011 1947 carcerem
2035 1920 2048 1935 ·
2347 1903 2447 1944 am
2470 1918 2483 1933 ·
2547 1888 2625 1945 Et
2653 1889 2815 1948 uenit
2842 1909 2957 1969 que
3099 1882 3143 1917 ¹⁸
3163 1894 3222 1944 et
3248 1886 3506 1962 inposuit
3532 1886 3609 1945 illi
3638 1904 3737 1946 ma

788 1978 908 2037 duo
931 2010 945 2025 ·
1009 1990 1069 2038 et
1096 1980 1216 2039 duo
1244 1981 1305 2040 in
1332 1990 1442 2042 tres
1539 1979 1586 2013 ⁶⁹
1603 1978 1754 2041 Dico
1782 1982 1882 2040 tibi
1912 2000 2034 2041 non
2061 1982 2223 2041 exies
2344 1997 2481 2040 rens
2512 1980 2763 2041 fructum
2790 1984 2851 2041 in
3098 1996 3241 2037 num
3301 1990 3361 2038 et
3386 1979 3639 2039 confesti

787 2072 832 2105 ⁸³
850 2072 1183 2131 diuidentur
1204 2104 1220 2119 ·
1290 2093 1368 2151 pa
1540 2074 1674 2132 inde
1744 2075 1936 2135 donec
1965 2077 2079 2135 etia
2345 2073 2439 2133 illa
2496 2085 2554 2134 et
2581 2094 2703 2135 non
2730 2077 2866 2135 inue
3094 2083 3286 2132 erecta
3312 2084 3399 2132 est
3424 2086 3481 2133 et
3508 2092 3650 2151 mag

787 2174 874 2224 ter
901 2166 962 2224 in
991 2166 1172 2224 filium
1200 2177 1258 2226 et
1286 2168 1325 2226 fi
1537 2170 1922 2228 nouissimum
1944 2187 2060 2246 qua
2268 2176 2275 2183 ‘
2345 2168 2431 2225 nit
2455 2199 2470 2214 ·
2521 2168 2543 2201 ⁷
2561 2168 2723 2229 Dixit
2752 2180 2947 2231 autem
3096 2166 3369 2226 nificabat
3395 2166 3495 2225 ἀῶ
3514 2198 3529 2215 ·
3552 2199 3636 2210 -

784 2259 897 2318 lius
924 2260 986 2317 in
1015 2270 1240 2338 patrem
1270 2280 1338 2321 su
1539 2262 1806 2322 drantem
1832 2263 2043 2323 reddas
2344 2261 2420 2320 ad
2450 2262 2729 2322 cultorem
2756 2264 2965 2323 uineae
2986 2296 3001 2311 ·
3096 2258 3142 2293 ¹⁴
3160 2260 3549 2338 Respondens
3576 2264 3711 2320 aute

786 2408 890 2449 um
918 2391 1207 2451 diuidetur
1225 2424 1239 2439 ·
1537 2398 1630 2453 13.
1659 2391 1680 2425 ¹
1697 2392 2005 2454 Uenerunt
2025 2405 2221 2454 autern
2344 2391 2501 2453 Ecce
2530 2395 2666 2453 anni
2690 2404 2800 2455 tres
2830 2406 2965 2455 sunt
3097 2380 3593 2470 archisynagogus

785 2495 969 2545 mater
995 2487 1058 2545 in
1085 2486 1261 2547 filiam
1287 2518 1301 2536 ·
1371 2498 1430 2549 et
1537 2487 1776 2565 quidam
1804 2488 1934 2566 ipso
1964 2488 2024 2547 in
2055 2499 2171 2549 tem
2345 2504 2420 2546 ex
2449 2505 2569 2564 quo
2598 2490 2773 2548 uenio
2803 2508 2955 2568 quae
3096 2485 3410 2562 indignans
3429 2517 3444 2535 ·
3502 2486 3667 2565 quod

783 2579 902 2639 filia
930 2581 990 2639 in
1019 2591 1262 2641 matrem
1285 2613 1300 2628 ·
1537 2600 1681 2659 pore
1743 2583 2076 2643 nuntiantes
2345 2599 2479 2639 rens
2507 2581 2757 2641 fructum
2785 2584 2845 2642 in
3095 2581 3337 2640 sabbato
3366 2591 3594 2640 curaret

785 2690 986 2733 socrus
1008 2675 1069 2732 in
1096 2693 1308 2735 nurum
1539 2675 1619 2734 illi
1647 2674 1721 2735 de
1747 2676 1968 2753 galileis
1993 2708 2007 2724 ·
2072 2696 2193 2755 quo
2346 2675 2599 2735 ficulnea
2626 2675 2737 2735 hac
2764 2688 2823 2736 et
2852 2696 3007 2738 non.
3096 2673 3186 2733 ihs
3209 2705 3223 2720 ·
3284 2674 3514 2734 dicebat
3539 2685 3631 2734 tur

785 2785 954 2826 suam
981 2780 1039 2827 et
1061 2787 1242 2830 nurus
1537 2785 1670 2828 rum
1697 2771 2045 2845 sanguinem
2345 2767 2583 2828 inuenio
2647 2771 2879 2830 succide
3094 2767 3185 2827 bis
3214 2785 3317 2826 sex
3339 2768 3463 2827 dies
3492 2779 3628 2828 sunt

784 2861 846 2920 in
877 2879 1112 2921 socrum
1141 2881 1308 2922 suam
1333 2896 1346 2910 ·
1377 2897 1461 2908 —
1539 2862 1751 2940 pilatus
1779 2864 2012 2922 miscuit
2041 2869 2113 2923 οῦ
2345 2879 2488 2938 ergo
2516 2862 2674 2921 illam
2693 2893 2707 2910 ·
2767 2873 2832 2922 ut
2859 2864 3003 2943 quid
3093 2859 3155 2918 in
3182 2861 3394 2938 quibus
3422 2873 3653 2938 oportet

783 2953 830 2987 ⁸⁴
845 2952 1095 3013 Dicebat
1122 2966 1318 3016 autem
1346 2967 1405 3017 et
1539 2955 1838 3015 sacrificiis
1866 2974 2072 3016 eorum
2102 2988 2117 3003 ·
2137 2989 2219 3002 —
2341 2955 2515 3014 etiam
2545 2966 2755 3015 terram
2780 2977 2890 3017 eua
3090 2955 3319 3031 operari
3340 2985 3355 3002 ·
3419 2956 3481 3014 in
3509 2955 3599 3016 his

782 3046 859 3105 ad
887 3049 1086 3107 turbas
1110 3079 1124 3094 ·
1187 3068 1324 3109 cum
1477 3037 1482 3040 ¹
1537 3047 1652 3108 'Et
1680 3051 2038 3128 respondens
2065 3050 2155 3110 ihs
2344 3058 2478 3107 cuat
2501 3080 2514 3095 ·
2535 3080 2550 3095 ·
2572 3081 2587 3095 ·
2632 3049 2653 3082 ⁸
2670 3053 2751 3110 At
2780 3051 2874 3110 ille
2890 3070 2982 3111 res
3090 3066 3233 3125 ergo
3260 3049 3453 3108 uenite
3482 3059 3541 3108 et
3574 3068 3647 3110 cu

783 3141 1042 3200 uideritis
1070 3143 1290 3201 nubem
1536 3143 1681 3202 dixit
1709 3145 1814 3202 illis
1839 3175 1853 3190 ·
1915 3146 2129 3221 putatis
2340 3143 2611 3219 pondens
2640 3144 2783 3203 dixit
2800 3145 2878 3203 illi
3088 3142 3295 3201 ramini
3322 3151 3383 3202 et
3406 3144 3611 3203 nonin

783 3235 860 3292 ab
889 3235 1109 3294 oriente
1143 3236 1218 3294 ad
1247 3253 1323 3295 oc
1536 3237 1694 3315 quod
1717 3237 1776 3295 hi
1799 3237 2027 3314 galilaei
2046 3270 2060 3285 ·
2104 3258 2208 3316 pre
2338 3235 2453 3294 dne
2474 3267 2487 3282 ·
2554 3237 2772 3297 dimitte
2801 3239 2959 3298 illam
3090 3235 3184 3294 die
3212 3237 3455 3296 sabbato
3478 3269 3494 3284 ·
3537 3237 3581 3270 ¹⁶
3598 3236 3721 3298 Res

783 3344 986 3386 casum
1007 3359 1021 3373 ·
1083 3329 1278 3388 statim
1535 3331 1810 3389 omnibus
1837 3331 2092 3407 galilaeis
2338 3339 2398 3389 et
2424 3329 2540 3389 hoc
2569 3349 2726 3391 anno
2750 3363 2766 3378 ·
2824 3351 3011 3411 usque
3088 3329 3295 3406 pondit
3322 3349 3465 3407 ergo
3493 3331 3547 3390 ei
3577 3332 3687 3392 dfis

783 3421 974 3481 dicitis
998 3423 1232 3482 nimbus
1259 3441 1335 3482 ue
1537 3423 1767 3483 suerunt
1797 3435 2131 3501 peccatores
2156 3457 2170 3473 ·
2204 3453 2207 3456 ⁴
2338 3423 2477 3482 dum
2507 3424 2725 3484 fodiam
2753 3426 2906 3487 circa
3086 3433 3147 3482 et
3175 3424 3317 3482 dixit
3338 3455 3353 3470 ·
3418 3424 3662 3502 hypocri

785 3516 870 3574 nit
897 3525 956 3576 et
978 3516 1057 3575 ita
1089 3517 1186 3575 fiet
1209 3547 1224 3564 ·
1275 3517 1416 3576 “Et
1535 3517 1638 3594 qui
1666 3515 1800 3575 talia
1827 3517 1983 3594 passi
2015 3529 2150 3576 sunt
2177 3551 2193 3566 ·
2336 3517 2493 3576 illam
2517 3549 2531 3564 ·
2594 3519 2673 3577 Et
2700 3520 2926 3578 mittam
3086 3527 3179 3577 tae
3204 3520 3605 3596 unusquisque

781 3627 922 3670 cum
951 3610 1212 3669 uideritis
1535 3610 1557 3642 ⁸
1575 3627 1698 3668 non
1721 3640 1736 3657 ·
1802 3610 1937 3670 dico
1965 3613 2136 3671 uobis
2159 3643 2174 3660 ·
2336 3611 2593 3670 cofinum
2622 3621 2814 3673 sterco
3088 3622 3347 3671 uestrum
3376 3613 3623 3672 sabbato

783 3713 1042 3764 austrum
1063 3703 1240 3764 flante
1536 3703 1647 3763 nisi
1675 3705 2051 3780 penitentiam
2334 3705 2413 3764 ris
2437 3735 2451 3751 ·
2512 3705 2534 3738 ⁹
2557 3715 2614 3765 et
2641 3708 2689 3766 si
2716 3707 2951 3785 quidem
3083 3723 3209 3764 non
3236 3705 3425 3766 soluet
3454 3707 3671 3767 bouem

783 3796 975 3856 dicitis
1004 3797 1166 3875 quod
1193 3814 1296 3856 aes
1536 3796 1798 3858 habeatis
1819 3798 2071 3857 similiter
2337 3797 2534 3858 fecerit
2563 3800 2815 3860 fructum
2832 3833 2847 3848 ·
3086 3817 3257 3859 suum
3286 3810 3385 3858 aut
3406 3803 3623 3861 asinu-

783 3899 877 3948 tus
905 3889 1012 3949 erit
1079 3899 1138 3947 et
1164 3890 1243 3949 ita
1271 3889 1368 3950 fiet
1386 3921 1401 3938 ·
1537 3908 1746 3951 omnes
1773 3891 2030 3968 peribitis
2053 3923 2068 3938 ·
2337 3892 2427 3951 sin
2455 3905 2648 3953 autem
2667 3926 2683 3941 ·
2726 3895 2789 3954 in
2810 3895 2871 3955 fu
3083 3913 3119 3952 a
3147 3913 3429 3971 praesepe
3489 3905 3549 3955 et
3581 3896 3661 3955 du

783 3984 828 4017 ⁵⁸
843 3982 1205 4060 Hypocritae
1235 3982 1446 4044 faciem
1535 3987 1559 4019 ⁴
1574 3983 1686 4044 Uel
1715 3985 1865 4044 sicut
1893 3985 1972 4044 illi
2001 3985 2142 4045 dece
2160 3995 2219 4046 et
2336 3997 2529 4047 turum
2590 3989 2751 4048 succi
3084 3989 3163 4048 cit
3188 3987 3477 4068 adaquare
3498 4019 3515 4036 ·

782 4077 1022 4157 quidem
1049 4076 1194 4136 caeli
1221 4085 1278 4136 et
1307 4086 1390 4136 ter
1535 4088 1672 4137 octo
1702 4096 1874 4155 super
1901 4095 2054 4156 quos
2336 4080 2439 4140 des
2466 4083 2621 4141 illam
2642 4113 2655 4130 ·
2686 4108 2769 4137 ..es
3086 4081 3309 4142 ¹⁶Hanc
3326 4095 3521 4142 autem
3538 4095 3787 4162 quaeest

781 4188 878 4231 rae
907 4169 1093 4230 nostis
1120 4169 1370 4246 probare
1537 4171 1744 4230 cecidit
1771 4171 1943 4231 turris
2482 4202 2563 4228 „e-
2644 4203 2727 4232 ω
2810 4203 2891 4229 0·
3084 4177 3200 4238 filia
3225 4176 3478 4239 abrahae
3500 4209 3515 4227 ·
3572 4225 3581 4231 .
