4373 5048
591 391 735 443 xlx.
758 390 982 454 23-XX.
1007 386 1082 455 5.]

289 558 423 612 1¹01.
445 556 568 609 148.
591 575 655 617 re
683 574 806 618 non
833 556 1046 617 dedisti
1071 575 1147 635 pe

593 651 829 711 cuniam
856 668 1052 711 meam
1081 650 1158 711 ad

593 762 861 805 mensam
881 774 898 789 ·
961 762 1076 822 ego
1104 762 1178 804 ue

595 839 762 897 niens
790 856 927 898 cum
953 839 1140 897 usuris

594 933 794 1010 utique
819 932 1122 1009 exig-isse·-

595 1027 756 1087 illum
773 1058 790 1074 ·
859 1024 904 1059 ⁸⁴
920 1027 998 1086 Et
1025 1025 1232 1086 adstan

595 1122 748 1181 tibus
775 1120 919 1181 dixit
936 1152 950 1169 ·
1013 1120 1174 1181 aufer

594 1225 652 1275 te
679 1217 758 1274 ab
783 1214 882 1274 illo
915 1232 1122 1273 mnam

595 1319 653 1369 et
680 1309 814 1369 date
839 1308 918 1367 ini
946 1310 1046 1386 qui
1074 1309 1244 1369 habet

596 1403 801 1463 decem
829 1420 999 1462 mnas
1023 1434 1038 1449 ·
1097 1400 1144 1438 ²⁶
1159 1412 1218 1463 et

597 1497 864 1557 dixerunt
888 1498 942 1556 ei
1023 1496 1140 1557 dfie

597 1591 772 1651 habet
799 1590 944 1652 dece
978 1608 1152 1651 mnas
1177 1622 1192 1639 ·

597 1683 642 1720 '⁸
656 1684 810 1745 Dico
837 1694 1032 1745 autem
1058 1686 1228 1745 uobis

600 1779 761 1838 omni
788 1779 1022 1838 habenti
1051 1778 1129 1839 da

598 1872 749 1931 bitur
770 1904 787 1919 ·
845 1874 921 1932 ab
947 1890 1020 1933 eo
1047 1878 1178 1932 aute

600 1966 700 2043 qui
727 1984 850 2025 non
877 1966 1056 2025 babet

599 2068 658 2121 et
684 2060 843 2137 quod
871 2060 1046 2120 habet
1075 2077 1150 2119 au

601 2152 808 2213 feretur
833 2155 910 2213 ab
935 2172 1010 2214 eo
1033 2187 1046 2202 ·
1071 2186 1086 2201 ·

601 2244 647 2282 ¹⁷
662 2247 885 2307 Uerum
909 2257 1108 2307 tamen
1133 2248 1212 2307 ini

603 2342 788 2401 micos
815 2360 980 2402 meos
1010 2341 1138 2401 illos

604 2435 704 2513 qui
729 2435 1037 2495 noluerunt
1063 2454 1158 2494 me

603 2585 846 2644 regnare
873 2585 1046 2644 super
1077 2585 1138 2626 se

604 2662 870 2721 adducite
897 2661 1012 2722 huc
1037 2671 1098 2720 et
1123 2661 1184 2720 in

603 2755 838 2815 terficite
865 2765 1000 2815 ante
1029 2773 1126 2815 me
1151 2787 1164 2802 ·
1185 2787 1270 2800 —-

604 2849 647 2885 ¹⁸
662 2860 721 2911 et
740 2850 832 2909 his
858 2849 1024 2910 dictis
1051 2849 1189 2909 abiit
1213 2849 1275 2909 in

607 2971 690 2996 -o—
712 2945 1098 3022 hierosolyma
1125 2970 1210 2998 m
1265 2987 1274 2998 .

557 3039 586 3074 ²⁸¹
607 3037 652 3074 ²·
666 3038 743 3099 Et
769 3038 987 3098 sactum
1013 3047 1102 3098 est
1127 3037 1268 3098 dum

557 3133 588 3169 ¹⁸¹
609 3134 1006 3212 adpropiasset

561 3227 590 3262 *
609 3228 876 3304 bethfage
902 3237 961 3286 et
987 3213 1162 3286 betha

606 3323 763 3382 niam
845 3320 923 3381 ad
951 3329 1204 3380 monte-

605 3416 706 3493 qui
731 3426 976 3475 uocatur
1001 3414 1154 3474 oliue

605 3518 729 3569 tum
749 3543 763 3556 ·
835 3509 990 3568 misit
1017 3509 1166 3568 duos

606 3602 922 3680 discipulos
982 3601 1030 3637 ⁸⁰
1045 3602 1244 3662 dicens

604 3697 680 3757 ite
706 3699 767 3756 in
799 3697 1101 3757 castellum

607 3791 768 3870 quod
794 3801 1002 3852 contra
1033 3809 1144 3851 uos

606 3895 693 3945 est
772 3886 835 3945 in
862 3903 982 3964 quo
1008 3887 1160 3944 intro

608 3989 809 4040 euntes
889 3980 1122 4038 inuenie

607 4075 677 4134 tis
703 4074 927 4152 pullum
955 4076 1148 4133 asinae

605 4168 902 4245 alligatum
934 4169 997 4226 in
1024 4186 1144 4246 quo

608 4281 783 4322 nemo
813 4261 960 4322 sedit
980 4293 996 4308 ·
1058 4260 1265 4322 soluite

497 4399 500 4404 -
603 4356 764 4416 illum
789 4365 849 4416 et
873 4355 1140 4416 adducite

605 4449 647 4484 ³¹
663 4459 720 4510 et
747 4451 798 4512 si
826 4451 955 4529 quis
981 4469 1089 4512 uos
1115 4452 1264 4512 inter

1933 342 2283 441 maiv-

1349 556 1641 633 rogauerit
1667 566 1732 616 ut
1760 555 1902 634 quid

1349 650 1572 710 soluitis
1655 651 1738 710 sic
1765 651 1894 710 dice

1347 745 1421 804 tis
1503 745 1640 823 quia
1667 745 1778 804 dfis
1806 763 1920 823 ope

1346 856 1474 897 ram
1501 840 1626 898 eius
1655 839 1854 898 deside

1347 942 1436 991 rat
1455 964 1467 979 ·
1491 965 1504 980 ·
1527 964 1540 979 ·
1588 929 1634 966 ⁸²
1653 933 1941 993 Abierunt

1347 1036 1540 1086 autem
1569 1028 1668 1104 qui
1695 1026 1859 1087 missi

1346 1130 1512 1180 erant
1539 1130 1598 1180 et
1623 1121 1835 1181 inuene

1345 1226 1481 1273 runt
1509 1216 1656 1274 sicut
1682 1214 1827 1275 dixit

1346 1309 1456 1367 illis
1485 1310 1574 1368 ihs
1603 1319 1855 1369 stantem

1346 1402 1390 1435 ⁸⁸
1408 1403 1778 1463 Soluentibus
1803 1408 1937 1464 aute

1347 1497 1455 1556 illis
1482 1497 1706 1576 pullum
1788 1497 1923 1559 dixe

1348 1602 1481 1651 runt
1509 1602 1700 1652 autern
1731 1592 1832 1651 dni

1349 1686 1473 1745 eius
1502 1686 1577 1745 ad
1605 1686 1735 1745 illos
1765 1684 1906 1766 quid

1348 1779 1568 1839 soluitis
1597 1781 1820 1857 pullum

1348 1872 1392 1906 ⁸⁴
1409 1884 1468 1933 at
1493 1873 1573 1932 illi
1601 1875 1870 1934 dixerunt

1349 1968 1488 2046 quia
1515 1968 1627 2027 diis
1655 1986 1900 2046 operam

1350 2065 1474 2122 eius
1502 2062 1788 2123 desiderat

1350 2156 1396 2191 ⁸⁶
1411 2156 1489 2216 Et
1514 2158 1804 2217 duxerunt
1831 2158 1931 2218 illu

1351 2252 1428 2313 ad
1455 2253 1578 2312 ihm
1600 2284 1615 2300 ·
1679 2263 1738 2313 et
1763 2254 1915 2314 iacta

1349 2358 1556 2406 uerunt
1585 2348 1870 2406 uestimen

1351 2450 1410 2500 ta
1437 2458 1544 2500 sua
1564 2459 1737 2519 super
1764 2442 1863 2500 illu

1353 2583 1410 2633 et
1435 2575 1814 2652 inposuerunt

1351 2668 1473 2727 ihm
1492 2700 1506 2716 ·
1568 2668 1610 2702 ⁸⁸
1626 2668 1822 2727 Eunte
1850 2671 1985 2727 aute

1351 2763 1450 2823 illo
1479 2764 1783 2823 substerne

1351 2858 1496 2916 bant
1521 2856 1866 2916 uestimenta

1355 2950 1708 3010 suainuia·
1773 2950 1912 3009 ”Et
1939 2955 2014 3009 cii

1355 3044 1722 3123 adpropiaret
1746 3045 1864 3105 iam

1355 3140 1432 3199 ad
1460 3138 1808 3199 descensum

1356 3235 1571 3295 montis
1599 3234 1796 3294 oliueti
1819 3267 1832 3283 ·

1356 3337 1674 3405 coeperunt
1701 3347 1912 3390 omnes

1353 3424 1555 3483 turbae
1585 3423 1871 3500 discipulo

1353 3535 1482 3575 rum
1511 3513 1834 3594 gaudentes

1352 3609 1588 3670 laudare
1617 3611 1718 3670 dr'n
1744 3630 1892 3672 uoce

1355 3722 1572 3781 magna
1654 3704 1727 3765 de
1757 3705 1922 3765 omni

1354 3801 1464 3859 bus
1491 3799 1704 3877 quibus
1731 3799 1864 3859 uide

1352 3902 1486 3952 runt
1510 3894 1814 3954 uirtutibus

1353 3986 1397 4020 ⁸⁸
1415 3987 1672 4047 dicentes
1696 4019 1710 4035 ·
1792 3987 1955 4050 Bene

1355 4080 1543 4140 dictus
1569 4083 1669 4161 qui
1695 4084 1857 4142 uenit

1355 4194 1458 4234 rex
1484 4177 1546 4234 in
1575 4178 1817 4237 nomine
1846 4178 1946 4237 dni

1355 4287 1473 4347 pax
1501 4271 1560 4329 in
1590 4271 1752 4331 caelo
1831 4281 1888 4332 et
1915 4272 2014 4350 glo

1353 4365 1438 4424 ria
1464 4365 1526 4424 in
1555 4366 1798 4427 excelsis

1549 4457 1698 4509 finem

1353 4550 1397 4584 ³⁹
1416 4549 1490 4609 Et
1519 4551 1757 4628 quidam
1783 4551 1988 4611 sarisae

2153 573 2323 615 orum
2355 555 2427 615 de
2456 554 2626 614 turba

2155 650 2425 709 dixerunt
2452 650 2527 709 ad
2555 649 2719 711 illum
2738 680 2753 697 ·

2151 744 2427 820 magister
2507 745 2668 803 incre

2151 857 2233 916 pa
2261 838 2577 915 discipulos
2604 847 2729 898 tu⁰s
2757 869 2774 885 ·

2151 931 2199 965 ⁴⁰
2216 932 2425 1011 quibus
2453 933 2578 1009 ipse
2606 933 2682 991 ait
2705 963 2719 979 ·
2746 965 2759 981 ·

2151 1024 2287 1085 dico
2313 1026 2483 1085 uobis
2510 1027 2651 1104 quia

2153 1120 2203 1178 si
2231 1119 2322 1178 isti
2351 1119 2634 1179 tacuerint

2149 1211 2373 1288 lapides
2401 1214 2737 1273 clamabunt

2149 1306 2195 1339 ⁴¹
2217 1306 2291 1366 Et
2316 1318 2381 1366 ut
2407 1308 2778 1385 adpropiauit

2151 1399 2359 1461 uidens
2386 1402 2667 1461 ciuitate*

2153 1495 2314 1554 fleuit
2340 1512 2513 1573 super
2539 1496 2637 1557 illa

2154 1589 2357 1649 dicens
2438 1590 2484 1624 ⁴²
2502 1589 2638 1669 quia
2666 1590 2714 1649 si
2742 1608 2858 1667 cog

2153 1684 2421 1742 nouisses
2446 1691 2505 1743 et
2532 1692 2595 1743 tu
2616 1685 2677 1743 in

2154 1777 2249 1836 die
2275 1778 2388 1837 isto
2418 1795 2569 1854 quae
2597 1777 2673 1837 ad
2700 1796 2778 1855 pa

2153 1890 2287 1930 cem
2316 1872 2420 1930 tibi
2444 1901 2459 1918 ·
2524 1890 2684 1933 nunc
2713 1889 2789 1933 au

2153 1974 2275 2024 tem
2302 1966 2643 2026 abscondita

2153 2068 2291 2119 sunt
2319 2060 2395 2119 ab
2421 2061 2605 2121 oculis
2634 2070 2697 2121 tu

2153 2154 2203 2213 is
2227 2184 2242 2201 ·
2306 2153 2351 2187 ⁴⁸
2366 2155 2503 2232 quia
2529 2156 2763 2215 uenient

2157 2248 2279 2307 dies
2308 2248 2369 2306 in
2396 2258 2453 2307 te
2534 2258 2593 2308 et
2621 2251 2780 2310 circfi

2155 2341 2379 2401 dabunt
2404 2352 2461 2402 te
2490 2344 2649 2402 inimi

2154 2436 2211 2496 ci
2240 2436 2320 2497 tui
2348 2436 2502 2496 uallo
2524 2468 2539 2485 ·
2600 2448 2658 2499 et
2686 2438 2769 2498 cir

2157 2568 2517 2630 cumdabunt
2544 2579 2601 2628 te
2630 2587 2712 2629 un

2158 2662 2333 2738 dique
2408 2663 2455 2696 ⁴⁴
2472 2671 2530 2723 et
2558 2663 2632 2723 ad
2665 2674 2865 2724 terra·-

2158 2765 2529 2832 prosternent
2558 2766 2617 2817 te

2159 2859 2219 2908 et
2248 2849 2399 2909 filios
2426 2861 2559 2911 tuos
2587 2869 2703 2929 que

2159 2945 2221 3003 in
2252 2956 2307 3005 te
2334 2953 2468 3004 sunt
2547 2943 2626 3004 Et
2653 2962 2777 3004 non

2155 3040 2481 3117 relinquent
2508 3037 2623 3116 lapi

2157 3133 2293 3192 dem
2322 3151 2494 3209 supra
2520 3133 2711 3210 lapide

2157 3228 2218 3285 in
2247 3238 2304 3287 te
2326 3256 2341 3273 ·
2406 3226 2498 3286 Eo
2527 3227 2689 3304 quod
2716 3244 2840 3288 non

2156 3321 2509 3398 cognoueris
2536 3331 2655 3380 tem

2154 3433 2266 3493 pus
2293 3415 2637 3475 uisitationis

2156 3520 2291 3569 tuae
2314 3540 2329 3556 ·
2355 3541 2368 3556 ·
2392 3541 2405 3556 ·
2470 3509 2517 3544 ⁴³
2534 3509 2611 3569 Et
2636 3509 2832 3587 ingres

2157 3622 2259 3664 sus
2287 3605 2348 3663 in
2376 3605 2659 3682 templum

2157 3699 2353 3774 coepit
2380 3699 2567 3758 eicere
2594 3717 2711 3759 uen

2160 3793 2364 3851 dentes
2392 3793 2453 3850 in
2480 3792 2580 3851 illo
2608 3801 2667 3852 et

2157 3896 2421 3946 ementes
2450 3895 2509 3946 et
2532 3904 2673 3946 men

2159 3998 2255 4040 sas
2283 3980 2679 4040 numularioru

2158 4075 2364 4133 euertit
2385 4104 2399 4121 ·
2459 4085 2517 4134 et
2541 4075 2713 4135 cathe

2159 4168 2293 4229 dras
2320 4169 2639 4230 uendentiu

2157 4263 2463 4322 columbas
2490 4265 2599 4323 sub

2157 4357 2330 4416 uertit
2410 4358 2456 4390 ⁴⁶
2472 4356 2673 4417 dicens

2158 4453 2243 4510 eis
2325 4452 2603 4530 scriptum
2632 4461 2719 4512 est

3486 396 3607 462 103

2908 554 3121 614 domus
3148 572 3283 614 mea
3344 554 3425 615 do

2908 666 3041 707 mus
3070 650 3347 709 orationis
3372 658 3460 709 est

2908 760 3017 802 uos
3046 752 3243 802 autem
3269 742 3411 803 fecis

2908 837 2981 896 tis
3010 855 3144 895 eam
3173 838 3381 915 spelun

2910 943 3043 991 carn
3070 931 3363 992 latronum
3386 963 3403 980 ·

2906 1024 2953 1057 ⁴⁷
2970 1022 3045 1083 Et
3073 1035 3196 1084 erat
3224 1026 3446 1086 docens
3475 1027 3537 1085 in

2908 1120 3129 1196 templo
3152 1151 3167 1166 ·
3192 1152 3207 1167 ·
3272 1122 3545 1200 princeps

2908 1222 3103 1272 autem
3124 1216 3370 1275 sacerdo

2906 1316 3033 1366 tum
3102 1320 3160 1367 et
3188 1310 3413 1370 scribae
3433 1341 3447 1357 ·

2907 1411 2966 1462 et
2993 1401 3341 1479 principales
3369 1406 3467 1481 ple

2908 1496 2997 1555 bis
3024 1498 3381 1576 quaerebant

2908 1589 3070 1647 illum
3098 1590 3341 1667 perdere

2908 1682 3043 1742 “Et
3070 1702 3195 1743 non
3224 1685 3600 1746 inuenieb⁸nt

2910 1777 3054 1854 quid
3080 1776 3335 1839 facerent
3362 1780 3402 1839 il

2910 1870 2949 1929 li
2974 1902 2989 1917 ·
3053 1872 3247 1933 omnis
3274 1875 3436 1934 enim

2911 1966 3165 2043 populus
3193 1984 3413 2045 suspen

2912 2076 3010 2117 sus
3038 2070 3161 2122 erat
3188 2063 3431 2123 audiens

2910 2153 3071 2212 illum
3096 2184 3111 2201 ·
3136 2184 3152 2201 ·
3177 2186 3193 2201 ·
3215 2162 3318 2215 20.
3342 2157 3444 2218 ¹Et
3461 2158 3615 2220 facti!

2910 2256 3001 2306 est
3026 2248 3089 2306 in
3116 2266 3235 2309 una
3262 2251 3425 2311 dierfl

2913 2341 3162 2403 docente
3191 2344 3287 2405 illo
3316 2365 3479 2425 popu

2913 2434 3037 2495 lum
3064 2437 3122 2494 in
3151 2439 3373 2518 templo

2914 2577 2973 2629 et
2998 2571 3436 2646 euangelizante

2915 2676 3317 2725 conuenerunt
3346 2667 3475 2744 prin

2913 2756 3073 2834 cipes
3102 2760 3411 2821 sacerdotii

2912 2859 2971 2909 et
3000 2853 3220 2912 scribae
3248 2873 3386 2916 cum
3415 2875 3480 2917 se

2913 2945 3169 3006 nioribus
3250 2945 3275 2980 ²
3291 2959 3351 3010 et
3379 2953 3513 3012 dixe

2913 3050 3049 3099 runt
3068 3041 3145 3100 ad
3171 3041 3333 3102 illum
3355 3076 3369 3091 ·

2913 3131 3006 3192 dic
3035 3135 3207 3196 nobis
3234 3137 3296 3196 in
3325 3157 3444 3216 quo

2910 3237 3197 3303 potestate
3225 3229 3370 3292 haec
3398 3232 3457 3292 fa

2910 3321 2996 3380 cis
3078 3335 3177 3382 aut
3204 3327 3334 3402 quis
3359 3338 3450 3388 est

2911 3416 3013 3492 qui
3041 3418 3201 3479 dedit
3229 3421 3333 3480 tibi
3361 3421 3515 3484 hanc

2911 3520 3253 3587 potestatem
3276 3545 3291 3562 ·

2910 3604 2933 3637 ⁸
2952 3604 3346 3682 Respondens
3374 3617 3510 3672 aute*

2913 3699 3003 3758 ihs
3032 3701 3177 3761 dixit
3202 3703 3279 3762 ad
3306 3705 3437 3764 illos
3456 3739 3470 3753 ·

2912 3795 3285 3872 interrogabo
3312 3817 3425 3860 uos

2912 3897 2971 3948 et
2999 3908 3113 3966 ego
3140 3893 3387 3953 uerbum

2913 3985 3263 4060 respondete
3291 3989 3372 4047 mi

2916 4075 2977 4134 hi
3058 4078 3080 4109 ⁴
3098 4079 3452 4156 baptismum

2912 4169 3183 4232 iohannis
3266 4175 3338 4236 de
3367 4177 3495 4237 celo

2914 4275 3036 4324 erat
3119 4285 3193 4326 an
3220 4287 3292 4326 ex
3324 4268 3485 4329 homi

2914 4359 3085 4418 nibus
3105 4391 3118 4405 ·
3204 4360 3301 4420 “at
3329 4362 3409 4420 illi
3438 4381 3511 4423 co

2911 4452 3171 4527 gitabant
3199 4453 3346 4514 inter
3372 4473 3436 4516 se

3634 552 3759 601 1⁸01.
3781 550 3904 599 144.
