4373 5048
424 411 549 463 1⁸01.
570 413 664 464 88.

706 245 791 295 20

708 412 829 462 tem
858 402 1013 463 solus
1041 421 1204 462 orare
1228 430 1241 443 ·

710 496 969 573 Uespere
1000 509 1193 556 autem
1222 496 1313 557 sac

709 599 771 651 to
802 591 955 650 solus
983 602 1106 649 erat
1133 592 1213 649 ibi
1236 617 1249 630 ·

710 686 756 719 ²⁴
775 683 1063 743 Nauicula
1091 694 1286 743 autem

709 779 825 837 iam
856 778 913 835 in
942 778 1138 837 medio
1167 779 1313 837 mari

712 872 1031 931 iactabatur
1058 871 1217 929 flucti

712 966 854 1024 bus·
900 974 1023 1023 erat
1049 965 1207 1023 enirn

714 1058 823 1117 illis
852 1068 1063 1117 uentus
1092 1076 1207 1119 con

714 1152 920 1211 trarius
976 1149 1022 1184 ²⁸
1038 1169 1184 1229 quar

714 1255 777 1305 ta
804 1255 997 1305 autem
1025 1246 1216 1323 uigilia

718 1340 906 1400 noctis
933 1340 1095 1398 uenit
1123 1340 1201 1399 ad

717 1456 821 1499 eos
848 1437 1155 1497 ambulans
1184 1456 1253 1497 su

717 1549 821 1611 per
848 1550 1010 1591 mare
1033 1561 1046 1577 ·
1088 1529 1134 1565 ’⁰
1150 1532 1209 1590 ui

718 1626 925 1685 dentes
950 1635 1145 1684 autem
1173 1626 1270 1685 illu

720 1737 897 1801 supra
924 1736 1083 1777 mare
1111 1736 1209 1779 am

720 1813 1020 1873 bulantem
1048 1822 1141 1871 tur

720 1906 843 1966 bati
873 1914 1007 1965 sunt
1034 1904 1206 1965 dicen

723 2010 812 2059 tes
839 1999 977 2076 quia
1004 1998 1196 2058 santas

722 2110 825 2153 ma
853 2101 973 2151 est·
1018 2102 1077 2151 et
1102 2110 1139 2151 a
1166 2092 1209 2151 ti

723 2203 891 2246 more
919 2185 1263 2245 exclamaue

726 2326 863 2377 runt
882 2344 896 2359 ·
938 2314 1207 2378 ”Statim

727 2411 961 2471 locutus
988 2421 1077 2470 est
1102 2412 1211 2471 illis

726 2504 818 2566 ihs
850 2504 1086 2566 dicens·
1131 2523 1250 2568 con

728 2611 945 2659 stantes
972 2609 1155 2661 estote

726 2711 842 2771 ego
876 2711 1007 2752 sum
1042 2693 1223 2754 nolite
1248 2693 1292 2753 ti

726 2805 886 2846 mere
905 2811 918 2825 ·
962 2784 1005 2820 ¹⁸
1026 2787 1271 2865 Respon

726 2880 873 2940 dens
899 2891 1093 2940 autem
1121 2882 1176 2941 ei
1202 2899 1281 2960 pe

727 2984 851 3034 trus
879 2974 1023 3034 dixit
1041 3002 1054 3015 ·
1098 2975 1213 3034 dfie

730 3067 781 3127 si
808 3077 873 3128 tu
899 3085 964 3127 es
992 3069 1126 3127 iube
1154 3086 1251 3127 me
1278 3085 1355 3127 ue

730 3162 853 3220 nire
881 3179 919 3220 a
946 3171 1003 3220 te
1032 3179 1203 3238 super
1230 3181 1267 3220 a

731 3273 913 3332 quam
932 3282 945 3296 ·
990 3252 1132 3314 ”At
1157 3255 1283 3332 ipse

731 3350 811 3410 ait
836 3349 914 3410 illi
941 3350 1078 3409 ueni
1098 3379 1113 3396 ·
1155 3348 1235 3408 Et
1261 3347 1367 3408 des

733 3444 993 3503 cendens
1022 3454 1221 3521 petrus

732 3538 808 3597 de
836 3539 1105 3598 nauicula
1130 3555 1229 3596 am

730 3631 971 3690 bulabat
998 3649 1173 3708 super
1199 3649 1235 3690 a

733 3743 915 3803 quam
943 3735 1005 3784 ut
1032 3725 1255 3784 ueniret

734 3820 812 3879 ad
842 3820 965 3878 ihm
984 3844 997 3858 ·
1041 3818 1087 3852 ³⁰
1102 3821 1311 3880 uidens

731 3930 876 3974 uero
905 3924 1147 3973 uentum
1174 3931 1253 3972 ua

731 4005 915 4066 lidum
942 4009 1156 4067 timuit·
1200 4007 1279 4067 Et

734 4118 871 4161 cum
899 4103 1197 4182 coepisset·
1216 4120 1343 4162 mer

1271 4196 1358 4272 gi<

1998 238 2374 301 SECUND
2397 269 2411 286 ·

1460 405 1751 467 Clamauit
1778 408 1979 473 dicens

1461 502 1575 560 diie
1605 502 1763 561 salua
1790 520 1886 562 me
1907 529 1920 543 ·

1460 594 1504 627 ⁸¹
1522 606 1580 655 et
1608 596 1885 656 continuo
1913 596 2003 657 ihs

1464 690 1785 749 extendens
1814 696 1995 749 manii
2017 726 2030 740 ·

1465 783 1883 861 adpraehendit
1908 791 1984 844 eu

1466 886 1525 937 et
1550 878 1629 936 ait
1662 877 1741 936 illi
1764 902 1777 917 ·
1818 877 1981 937 modi

1468 989 1537 1030 ce
1566 971 1701 1031 fidei
1728 990 1909 1049 quare
1934 972 2016 1032 du

1468 1065 1659 1124 bitasti
1677 1092 1690 1105 ·
1734 1064 1779 1097 ³²
1795 1066 1871 1125 Et
1899 1084 2034 1127 cum

1468 1160 1827 1221 ascendisset
1852 1160 1913 1219 in
1942 1178 2020 1221 na

1466 1253 1721 1313 uiculam
1749 1254 2001 1315 cessauit

1469 1355 1713 1405 uentus·
1757 1346 1803 1379 ⁸³
1819 1348 1917 1425 qui
1944 1352 2079 1409 aute

1470 1439 1531 1496 in
1560 1439 1825 1500 nauicula
1852 1451 2016 1501 erant
2038 1468 2051 1481 ·

1472 1543 1758 1593 uenerunt
1784 1544 1843 1593 et
1869 1534 1987 1595 ado

1471 1637 1741 1687 rauerunt
1767 1645 1903 1687 eum
1932 1628 1991 1689 di

1473 1730 1674 1780 centes
1750 1740 1887 1781 uere
1916 1723 1955 1780 fi

1474 1812 1586 1873 lius
1614 1812 1673 1872 di
1700 1832 1801 1873 es·
1828 1840 1944 1875 aa.

1426 1905 1459 1941 '⁶‘
1476 1906 1614 1966 “Et
1641 1926 1778 1968 cum
1806 1919 1965 1971 trans

1428 1999 1459 2033 ¹⁸²
1476 2000 1777 2063 fretassent
1797 2029 1810 2043 ·

1428 2091 1460 2128 *
1476 2105 1761 2155 uenerunt
1785 2097 1847 2155 in
1874 2106 1960 2157 ter

1428 2185 1459 2219 *
1477 2205 1604 2247 ram
1630 2190 2018 2265 gennezareth
2038 2218 2051 2231 ·

1478 2319 1525 2353 ⁸⁶
1540 2330 1600 2380 et
1627 2338 1762 2381 cum
1790 2322 2073 2400 cognouis

1481 2426 1611 2475 sent
1637 2434 1773 2475 eum
1800 2417 1907 2475 uiri
1934 2416 2053 2476 loci

1480 2510 1629 2571 illius
1648 2538 1661 2552 ·
1698 2511 1980 2572 miserunt

1482 2605 1543 2663 in
1570 2606 1905 2665 uniuersam
1934 2624 1997 2665 re

1479 2699 1717 2774 gionem
1746 2698 1903 2758 illam
1922 2726 1935 2740 ·

1479 2801 1539 2851 et
1565 2791 1899 2869 optulerunt
1924 2792 1981 2852 ei

1481 2904 1688 2946 omnes
1714 2887 1867 2946 male
1895 2886 1972 2946 ha

1482 2981 1689 3040 bentes
1748 2981 1793 3014 ⁸⁸
1811 2990 1868 3040 et
1894 2999 2041 3058 roga

1483 3074 1628 3134 bant
1709 3084 1773 3133 ut
1798 3076 1893 3135 uel
1920 3075 2023 3134 fim

1486 3169 1685 3228 bream
1712 3169 1998 3230 uestimen

1486 3263 1529 3322 ti
1557 3264 1678 3322 eius
1704 3273 2045 3339 tangerent·

1487 3365 1547 3417 et
1575 3357 1923 3434 quicumque
1952 3368 2010 3419 te

1486 3451 1740 3527 tigerunt
1768 3451 1913 3511 salui

1488 3545 1623 3605 sacti
1652 3557 1785 3604 sunt
1804 3573 1905 3588 ·—

1490 3644 1590 3700 15.
1614 3640 1632 3672 ¹
1652 3639 1825 3699 Tunc
1846 3651 2188 3700 acceserunt

1491 3733 1567 3792 ad
1596 3733 1717 3792 ihm
1746 3735 1821 3794 ab
1849 3733 2010 3794 hiero

1493 3828 1728 3904 solymis
1754 3829 1978 3889 scribae

1492 3931 1549 3980 et
1578 3921 1803 3982 farisaei
1830 3922 2000 3982 dicen

1492 4023 1579 4074 tes
1600 4041 1613 4056 ·
1654 4013 1871 4093 'quare
1899 4016 1987 4075 dis

1490 4109 1663 4187 cipuli
1689 4111 1771 4171 tui
1796 4119 1955 4170 trans

2265 410 2601 487 grediuntur
2620 436 2633 450 ·
2653 419 2741 469 tra

2267 504 2516 565 ditiones
2543 504 2708 563 senio

2267 616 2395 657 rum
2415 622 2428 636 ·
2474 616 2596 657 non
2621 602 2720 657 eni

2267 692 2466 751 lauant
2493 709 2704 750 manus

2269 804 2404 845 suas
2431 803 2568 846 cum
2595 788 2751 863 pane

2269 879 2628 939 manducant
2645 916 2658 931 ·
2708 878 2729 911 ⁸
2749 877 2820 957 Ip

2270 990 2334 1032 se
2362 983 2554 1032 autem
2581 990 2796 1049 respon

2272 1068 2420 1127 dens
2447 1068 2528 1125 ait
2554 1066 2663 1125 illis
2681 1090 2696 1105 ·

2272 1179 2453 1239 quare
2479 1178 2590 1220 uos
2617 1161 2740 1221 sine
2769 1160 2832 1222 in

2271 1254 2500 1314 tellectu
2526 1254 2661 1313 estis
2688 1254 2749 1315 in

2273 1348 2616 1408 mandatum
2643 1347 2706 1407 di

2274 1452 2513 1520 propter
2539 1441 2730 1502 traditi

2275 1553 2455 1596 onem
2481 1545 2736 1595 uestram
2762 1560 2776 1575 ·

2275 1632 2299 1665 ⁴
2315 1630 2404 1689 ΒΞ
2449 1630 2606 1689 enim
2635 1629 2774 1689 dixit
2799 1627 2880 1687 ho

2278 1742 2425 1783 nora
2452 1732 2677 1801 patrem
2709 1728 2814 1783 tuil

2279 1827 2338 1877 et
2367 1826 2614 1877 matrem
2642 1826 2803 1877 tuam
2821 1843 2834 1857 ·

2280 1910 2358 1971 Et
2386 1911 2488 1990 qui
2515 1910 2880 1971 maledixerit

2279 2005 2428 2082 patri
2454 2005 2549 2065 uel
2575 2004 2746 2063 matri

2280 2108 2467 2158 morte
2494 2098 2772 2157 moriatur
2790 2133 2804 2148 ·

2279 2190 2304 2225 ⁸
2319 2190 2448 2251 Uos
2474 2202 2668 2251 autem
2699 2190 2883 2251 dicitis
2905 2216 2919 2230 ·

2283 2324 2636 2400 quicumque
2664 2324 2800 2383 dixe

2285 2420 2355 2477 rit
2382 2419 2531 2495 patri
2557 2418 2652 2476 uel
2681 2436 2780 2477 rna

2282 2513 2356 2573 tri
2383 2531 2596 2572 munus
2622 2512 2782 2590 quod

2285 2625 2322 2666 a
2349 2625 2446 2666 me
2475 2607 2808 2667 melioratus

2285 2700 2459 2760 fueris
2477 2727 2491 2741 ·
2535 2702 2557 2734 ⁸
2573 2710 2632 2761 et
2659 2719 2782 2766 non

2287 2793 2610 2856 honorifica

2285 2889 2371 2947 bit
2397 2898 2627 2966 patrem

2289 3000 2460 3042 suum
2486 2992 2546 3042 et
2578 2987 2761 3042 matre

2289 3094 2458 3136 suam
2535 3086 2594 3135 et
2621 3077 2794 3136 inritil

2289 3170 2502 3229 fecistis
2531 3188 2672 3230 man

2291 3264 2492 3324 datum
2521 3263 2582 3324 di
2609 3282 2758 3343 prop

2290 3369 2377 3418 ter
2405 3359 2776 3418 traditionem

2291 3463 2554 3512 uestram
2577 3478 2590 3492 ·
2632 3453 2657 3486 ⁷
2672 3452 2861 3530 Hypo

2291 3547 2431 3606 crite
2449 3583 2462 3598 ·
2505 3547 2658 3606 bene
2687 3565 2798 3623 pro

2291 3639 2488 3700 setauit
2515 3640 2589 3699 de
2617 3641 2787 3701 uobis

2291 3735 2477 3793 esaias
2505 3734 2706 3794 dicens
2725 3761 2738 3775 ·

2292 3828 2313 3861 ⁸
2331 3826 2818 3905 adpropinquauit

2293 3921 2436 3980 mihi
2463 3921 2632 4000 plebs
2659 3922 2805 3982 haec

2295 4033 2397 4074 ore
2425 4033 2533 4076 suo
2560 4025 2618 4074 et
2644 4016 2811 4077 labiis

2295 4127 2391 4169 me
2425 4110 2754 4170 honorat—

3211 246 3375 313 [le.
3393 251 3614 313 23-1V.
3639 251 3718 301 16.

3017 427 3122 469 cor
3147 419 3342 469 autem
3369 428 3574 469 eorum

3015 501 3195 579 longe
3224 520 3288 561 es
3320 523 3355 564 a
3385 522 3481 563 me
3501 530 3514 545 ·
3559 502 3665 585 'Si

3019 614 3094 655 ne
3123 614 3298 656 causa
3327 597 3524 657 colunt

3017 708 3115 749 me
3142 690 3425 752 docentes
3453 691 3568 751 doc

3018 784 3200 843 trinas
3227 784 3504 845 mandata

3021 876 3332 937 hominum
3351 908 3366 923 ·
3391 908 3406 923 ·

3023 970 3068 1002 ¹⁰
3084 970 3162 1029 Et
3189 987 3462 1031 conuoca

3023 1064 3095 1123 tis
3121 1064 3304 1123 turbis
3331 1064 3476 1123 dixit

3024 1158 3108 1217 eis
3127 1183 3140 1197 ·
3186 1158 3399 1217 Audite
3426 1160 3574 1217 etin

3023 1252 3286 1329 telligite·
3331 1250 3370 1283 ¹¹
3391 1269 3514 1311 non

3024 1346 3186 1422 quod
3213 1346 3387 1405 intrat
3415 1346 3578 1407 intrat

3023 1440 3084 1497 in
3112 1456 3182 1499 os
3215 1439 3556 1516 coinquinat

3027 1532 3330 1591 hominem
3411 1532 3528 1594 Sed

3028 1626 3188 1702 quod
3223 1627 3484 1703 procedit
3513 1626 3586 1687 de

3027 1738 3132 1781 ore
3159 1720 3276 1781 hoc
3305 1722 3540 1798 coinqui

3029 1824 3131 1873 nat
3160 1813 3460 1873 hominem
3481 1846 3494 1859 ·
3517 1846 3530 1859 ·

3030 1908 3075 1943 ¹²
3093 1907 3269 1968 Tunc
3297 1908 3643 1969 accedentes

3030 2002 3298 2079 discipuli
3329 2002 3452 2061 eius
3480 2002 3578 2063 dix

3031 2105 3202 2155 erunt
3231 2096 3286 2155 ei
3307 2122 3321 2136 ·
3369 2096 3502 2156 Scis

3034 2189 3196 2267 quod
3220 2189 3445 2249 farisaei
3471 2207 3548 2249 au

3033 2322 3162 2381 dito
3189 2322 3305 2381 hoc
3335 2324 3518 2381 uerbo

3036 2415 3413 2475 scandalizati
3445 2426 3580 2475 sunt
3597 2441 3610 2456 ·

3037 2507 3081 2543 ¹⁸
3099 2508 3191 2569 ille
3220 2520 3414 2570 autem
3441 2527 3660 2587 respon

3037 2605 3187 2664 dens
3213 2603 3293 2664 ait
3313 2641 3326 2654 ·
3372 2604 3492 2664 Om

3039 2699 3131 2758 nis
3160 2699 3444 2776 plantatio
3475 2730 3487 2744 ·

3037 2809 3216 2868 quam
3243 2810 3368 2850 non
3396 2792 3596 2869 planta

3037 2887 3122 2944 uit
3151 2895 3313 2963 pater
3341 2903 3506 2946 meus

3041 2979 3303 3039 caelestis
3331 2981 3490 3040 eradi

3042 3075 3267 3133 cabitur
3291 3111 3304 3125 ·
3348 3073 3392 3108 ¹⁴
3411 3074 3594 3134 Sinite

3044 3169 3176 3228 illos
3207 3168 3388 3228 duces
3417 3179 3552 3228 sunt

3043 3263 3206 3322 caeci
3233 3279 3546 3322 caecorum
3564 3290 3576 3304 ·

3045 3357 3273 3417 Caecus
3301 3366 3494 3416 autem
3524 3357 3572 3416 si
3601 3375 3702 3416 cae

3045 3468 3118 3510 co
3146 3449 3422 3509 ducatum
3453 3468 3588 3528 pres

3044 3554 3128 3604 tat
3223 3545 3404 3604 ambo
3431 3544 3494 3602 in
3521 3543 3584 3608 so

3047 3655 3218 3696 ueam
3246 3637 3490 3697 cadent·

3044 3730 3091 3764 ¹⁵
3111 3730 3500 3807 Respondens
3526 3737 3658 3791 aute

3047 3835 3244 3904 petrus
3271 3825 3415 3884 dixit
3441 3827 3496 3886 ei
3514 3852 3527 3865 ·

3046 3937 3252 3979 enarra
3280 3919 3451 3979 nobis
3479 3938 3556 3998 pa

3049 4014 3307 4074 rabolam
3337 4014 3504 4074 istam

3049 4109 3213 4169 ¹⁸1hs
3240 4119 3436 4168 autem
3465 4109 3610 4170 dixit
3635 4109 3750 4168 eis·

3741 412 3870 462 1⁸01.
3895 412 4002 461 89.
