4373 5048
788 281 875 359 64

485 465 611 515 rol.
636 466 763 518 28¹7.
786 462 951 513 catus
977 460 1175 512 autem
1204 455 1305 528 sps
1331 456 1427 512 sc's

786 564 969 625 quem
995 546 1278 605 missurus
1305 556 1397 605 est

786 650 949 719 pater
978 641 1039 699 in
1066 642 1306 700 nomine

787 754 926 795 meo
954 735 1051 794 ille
1076 753 1187 794 uos
1216 735 1367 795 doce

786 831 875 890 bit
903 832 1105 890 omnia
1177 828 1256 890 Et
1284 848 1423 890 amo

790 926 955 985 nebit
979 943 1088 985 uos
1117 925 1319 985 omnia

789 1036 1197 1097 quaecumque
1227 1021 1363 1078 dixe

788 1130 858 1172 ro
886 1114 1059 1173 uobis
1080 1144 1097 1159 ·
1144 1110 1189 1145 ²⁷
1208 1113 1423 1173 Pacem

789 1206 869 1267 do
894 1208 1067 1267 uobis
1088 1242 1101 1257 ·
1139 1218 1335 1287 pacem
1356 1214 1493 1268 mea

788 1302 1050 1379 relinquo
1076 1304 1249 1363 uobis
1272 1334 1287 1349 ·

790 1394 935 1456 Non
961 1398 1264 1476 quomodo
1292 1398 1387 1459 hic

787 1492 1043 1551 mundus
1071 1493 1171 1552 dat
1197 1510 1313 1570 ego

788 1586 868 1646 do
889 1587 1059 1647 uobis
1078 1618 1093 1633 ·
1156 1605 1283 1647 non
1310 1606 1426 1648 con

787 1682 1043 1741 turbetur
1070 1700 1173 1741 cor
1200 1699 1307 1741 ues

787 1784 942 1834 tnun
969 1794 1160 1853 neque
1186 1794 1293 1852 per

788 1870 1056 1929 timescat
1078 1900 1093 1916 ·
1136 1866 1179 1902 ²⁸
1196 1870 1383 1929 Audis

790 1964 864 2023 tis
893 1964 1029 2042 quia
1055 1982 1169 2041 ego
1196 1963 1315 2022 dixi
1342 1980 1423 2023 uo

788 2057 883 2115 bis
950 2056 1110 2117 uado
1136 2066 1194 2116 et
1213 2058 1389 2116 uenio

791 2150 867 2210 ad
894 2167 1005 2210 uos
1022 2194 1037 2209 .
1084 2148 1146 2208 Si
1174 2168 1272 2209 me
1298 2145 1415 2210 dili‘

787 2244 983 2321 geritis
1008 2243 1338 2321 gauderetis

790 2376 927 2454 quia
936 2377 1213 2454 egouado
1222 2377 1529 2456 adpatre‘·

790 2477 935 2549 qum
963 2480 1131 2550 pater
1156 2489 1323 2532 meus
1350 2491 1449 2533 ma

790 2566 881 2625 ior
908 2583 1005 2625 me
1032 2576 1157 2627 est·
1198 2565 1243 2600 ⁹⁹
1260 2577 1317 2627 et
1334 2586 1489 2628 nunc

792 2660 913 2720 dixi
940 2662 1112 2720 uobis
1140 2671 1441 2739 antequa·-

790 2755 897 2814 fiat
956 2765 1021 2815 ut
1049 2773 1185 2816 cum
1211 2756 1421 2817 factu-

790 2848 959 2909 fuerit
986 2850 1231 2910 credatis
1254 2882 1269 2898 ·

2064 268 2512 342 SECUNDIJ
2525 310 2540 327 ·

1548 448 1762 511 'omne
1790 460 2087 511 sarmentu

1548 547 1707 623 quod
1734 546 1797 605 in
1824 566 1922 607 me
1949 565 2074 606 non
2101 547 2180 607 ad

1547 640 1657 701 fert
1684 641 1935 701 fructum
1960 640 2046 702 tol

1550 735 1628 795 let
1654 735 1796 796 illud
1817 768 1832 783 ·
1900 746 1961 795 et
1986 754 2167 795 omne

1548 828 1901 891 fructiferum
1928 848 2037 907 pur

1546 924 1708 1001 gabit
1773 935 1837 983 ut
1856 924 2045 985 fructu

1547 1017 1828 1078 maiorem
1856 1018 2076 1079 adserat
2094 1050 2109 1066 ·

1545 1110 1566 1143 ⁸
1586 1110 1715 1171 Iam
1741 1130 1852 1173 uos
1878 1112 2083 1171 mundi
2102 1130 2167 1173 es

1544 1208 1617 1266 tis
1642 1240 1654 1253 ·
1680 1218 1917 1285 propter
1942 1226 2045 1267 uer

1545 1301 1686 1360 bum
1714 1302 1875 1378 quod
1902 1302 2127 1362 locutus

1546 1413 1679 1455 sum
1706 1396 1875 1455 uobis
1896 1428 1909 1443 ·
1932 1429 1944 1442 ·
1968 1428 1981 1443 ·
2026 1398 2049 1429 ⁴
2068 1396 2248 1455 Mane

1547 1502 1605 1550 te
1635 1491 1695 1549 in
1726 1509 1822 1549 me
1850 1499 1907 1549 et
1935 1508 2050 1568 ego
2079 1492 2139 1549 in
2169 1510 2249 1551 uo

1547 1585 1639 1643 bis
1660 1614 1674 1629 ·
1742 1582 1905 1644 Sicut
1932 1602 2165 1644 sarmen

1547 1688 1672 1736 tum
1699 1696 1823 1737 non
1850 1688 2043 1755 potest
2070 1681 2147 1739 ab

1548 1790 1611 1831 se
1639 1771 1889 1831 fructum
1917 1772 2111 1833 facere
2132 1804 2147 1819 ·

1546 1866 1658 1925 nisi
1685 1867 2066 1943 permanserit

1544 1960 1606 2017 in
1632 1960 1813 2018 uitem
1836 1990 1851 2006 ·
1918 1958 2016 2020 Sic
2044 1980 2157 2021 nec

1544 2069 1654 2112 uos
1682 2055 1731 2113 si
1758 2072 1881 2113 non
1908 2072 2113 2114 manse

1541 2148 1663 2206 ritis
1692 2148 1753 2207 in
1780 2165 1876 2207 me
1900 2180 1915 2195 ·
1958 2147 2129 2227 ¹⁵Ego
2158 2156 2228 2210 εὖ

1541 2242 1672 2301 uitis
1698 2260 1808 2301 uos
1837 2254 2129 2303 sarmenta

1542 2374 1641 2451 qui
1668 2384 1869 2435 manet
1894 2375 1955 2434 in
1982 2394 2077 2435 me

1542 2476 1601 2528 et
1620 2486 1734 2546 ego
1762 2470 1824 2528 in
1851 2469 1951 2529 illo
1970 2500 1985 2515 ·
2044 2470 2139 2530 hic
2167 2470 2242 2530 ad

1544 2562 1652 2624 sert
1679 2563 1928 2624 fructum
1957 2567 2093 2642 copi

1542 2675 1715 2717 osum
1734 2689 1749 2705 ·
1812 2660 1949 2735 quia
1966 2660 2092 2720 sine
2120 2678 2218 2720 me

1542 2753 1787 2828 potestis
1814 2751 2009 2813 facere
2034 2753 2179 2812 nihil
2199 2785 2214 2800 ·

1498 2871 1503 2876 ·
1543 2846 1565 2879 ¹
1585 2847 1634 2903 si
1662 2847 1791 2924 quis
1818 2865 1943 2908 non
1970 2865 2177 2908 manse

786 2937 833 2972 ⁸⁰
843 2938 973 2997 Iam
984 2958 1109 2999 non
1124 2940 1521 3019 multaloquor
1542 2940 1615 2998 rit
1643 2940 1705 2998 in
1732 2960 1827 3001 me
1848 2973 1865 2988 ·
1926 2942 2204 3019 proicitur

790 3033 1097 3091 uobiscum
1118 3065 1131 3080 ·
1194 3037 1391 3095 ueniet

792 3127 950 3186 enim
978 3125 1147 3188 huius
1178 3129 1383 3188 mundi

792 3220 1067 3297 princeps
1096 3233 1153 3281 et
1180 3223 1239 3280 in
1268 3241 1363 3282 me

793 3313 973 3372 habet
992 3313 1133 3373 nihil
1156 3347 1171 3362 ·
1198 3347 1211 3362 ·
1242 3315 1285 3349 ⁸¹
1299 3316 1414 3377 Sed
1430 3326 1494 3376 ut

1542 3033 1696 3094 foras
1724 3037 1872 3095 sicut
1900 3053 2129 3095 sarmen

1542 3139 1667 3188 tum
1734 3139 1795 3189 et
1815 3141 2038 3190 arescet
2063 3140 2123 3189 et

1542 3224 1987 3300 congregabunt
2013 3223 2153 3283 illud
2172 3256 2188 3271 ·

1544 3326 1601 3375 et
1628 3317 1689 3375 in
1718 3317 1919 3394 ignem
1946 3319 2179 3378 mittent

795 3418 1120 3485 cognoscat
1136 3410 1231 3469 hic
1242 3409 1495 3471 mundus
1546 3419 1603 3470 et
1633 3413 1985 3470 conburetur
2003 3447 2083 3458 -

794 3502 956 3579 quod
984 3502 1159 3580 diligo
1188 3513 1414 3580 patrem
1436 3535 1452 3552 ·

1545 3505 1567 3538 ⁷
1589 3503 1651 3564 Si
1678 3505 2005 3565 manseritis
2034 3507 2096 3564 in
2122 3524 2217 3565 me

792 3604 852 3656 et
868 3612 988 3673 quo
1008 3597 1185 3658 modo
1206 3596 1527 3678 mandatu-
1547 3609 1605 3658 et
1632 3599 1813 3659 uerba
1839 3616 1972 3658 mea
2000 3601 2061 3658 in
2086 3618 2164 3661 uo

796 3689 939 3748 mihi
968 3689 1126 3749 dedit
1152 3702 1317 3767 pater

796 3785 880 3843 sic
909 3783 1063 3844 facio
1083 3816 1098 3832 ·
1156 3787 1370 3862 surgite
1398 3804 1471 3846 ea

879 3905 962 3932 -es
980 3897 1110 3938 mus
1138 3878 1275 3940 hinc
1296 3906 1377 3934 se-

1546 3693 1635 3753 bis
1658 3738 1672 3752 .
1734 3694 1783 3754 si
1811 3694 1950 3771 quid
1977 3694 2150 3754 uolue

1547 3789 1668 3848 ritis
1695 3789 1870 3867 petite
1898 3799 1956 3848 et
1986 3789 2085 3848 fiet

1546 3883 1717 3943 uobis
1740 3915 1755 3930 ·
1797 3883 1819 3916 ⁸
1843 3882 1913 3941 In
1942 3882 2057 3942 hoc
2086 3882 2247 3943 hono

750 3967 781 4002 *
801 3976 897 4032 15.
918 3971 1083 4049 ¹Ego
1110 3991 1241 4032 sum
1266 3975 1397 4034 uitis
1423 3992 1498 4035 ue
1546 3977 1799 4036 rificatus
1826 3987 1915 4036 est
1941 3987 2106 4053 pater

751 4061 782 4096 *
800 4083 867 4125 ra
890 4099 903 4112 ·
976 4076 1035 4126 et
1062 4077 1226 4143 pater
1252 4086 1419 4129 meus

796 4161 1055 4238 agricola
1081 4173 1171 4222 est
1190 4195 1203 4209 ·
1226 4197 1311 4206 —

1550 4089 1719 4131 meus
1784 4082 1850 4130 ut
1878 4071 2127 4130 fructum

1550 4166 1857 4242 copiosum
1880 4164 2151 4225 adferatis

2354 460 2412 510 et
2439 450 2560 510 sitis
2587 452 2702 510 mei
2731 450 2955 529 discipu

2353 546 2428 604 li·
2477 547 2500 580 ⁹
2519 545 2680 604 Sicut
2705 545 2903 606 dilexit
2931 564 3024 605 me

2354 649 2518 716 pater
2535 668 2550 687 ο
2615 650 2674 699 et
2698 658 2812 717 ego
2839 658 2952 699 uos

2355 733 2530 793 dilexi
2547 764 2566 779 ο
2627 732 2866 794 Manete
2894 736 2958 794 in

2353 828 2587 889 can'tate
2615 847 2748 889 mea
2769 860 2784 875 ·
2827 828 2874 862 ¹⁰
2893 830 2954 889 Si

2355 931 2628 1000 precepta
2647 941 2780 983 mea
2800 942 2893 983 ser

3303 290 3470 356 [xm.
3489 294 3710 348 26-XV.
3731 310 3814 358 23.

3102 462 3290 512 uester
3316 464 3554 512 maneat
3576 485 3593 500 ·

3103 557 3168 605 ut
3193 547 3475 624 quidquid
3503 550 3620 627 peti

3102 641 3258 700 eritis
3287 660 3324 701 a
3349 652 3513 718 patre
3537 642 3601 701 in

3105 736 3344 794 nomine
3379 754 3517 796 meo
3544 737 3646 798 det

3217 854 3300 881 ω
3325 830 3498 889 uobis
3526 856 3609 883 w

3069 922 3151 959 *¹⁷
3169 922 3337 983 Haec
3365 925 3586 984 mando
3614 926 3784 985 uobis

2353 1018 2626 1077 uaueritis
2649 1048 2664 1063 ·
2735 1019 2972 1078 manebi
3069 1016 3170 1075 *ut
3197 1017 3445 1094 diligatis
3471 1019 3590 1079 inui

2353 1111 2427 1169 tis
2455 1111 2518 1169 in
2544 1112 2780 1171 caritate
2808 1131 2940 1172 mea

2357 1206 2520 1265 Sicut
2545 1224 2658 1283 ego
2687 1217 2996 1286 praecepta

2353 1300 2532 1377 patris
2560 1300 2846 1360 custodiui
2865 1332 2880 1347 ·

2351 1401 2411 1453 et
2437 1412 2650 1454 maneo
2679 1396 2741 1453 in
2769 1396 2948 1455 carita

2353 1497 2409 1547 te
2437 1488 2586 1547 illius
2605 1519 2620 1535 ·
2665 1488 2703 1523 ¹¹
2723 1488 2892 1549 Haec
2920 1490 3056 1550 locu

2355 1592 2444 1641 tus
2474 1600 2605 1641 sum
2629 1584 2800 1643 uobis
2825 1615 2840 1631 ·
2907 1596 2972 1644 ut

2353 1675 2636 1753 gaudium
2661 1695 2860 1737 meum

2353 1772 2416 1829 in
2443 1771 2612 1831 uobis
2640 1772 2714 1831 sit
2736 1803 2750 1818 ·
2814 1782 2873 1832 et
2898 1792 3016 1850 gau

2353 1864 2518 1924 dium
2545 1877 2802 1925 uestrum
2831 1868 2914 1926 im

2353 1959 2580 2037 pleatur
2597 1990 2612 2005 ·
2633 1990 2648 2006 ·
2669 1992 2683 2007 ·
2735 1958 2781 1993 ¹¹
2798 1960 2938 2022 Hoc
2964 1973 3056 2022 est

2353 2053 2696 2113 mandatum
2715 2060 2852 2114 mesi

2350 2157 2416 2206 ut
2443 2148 2692 2225 diligatis
2719 2150 2909 2209 inuice
2935 2182 2950 2197 ·

2352 2242 2501 2301 sicut
2528 2242 2702 2303 dilexi
2728 2260 2840 2304 uos

2350 2370 2394 2406 ¹⁸
2411 2373 2696 2433 maiorem
2723 2374 2876 2435 hanc
2906 2378 3028 2436 cari

2349 2476 2529 2526 tatem
2557 2485 2735 2528 nemo
2755 2469 2932 2530 habet
2955 2502 2970 2518 ·

2349 2572 2412 2620 ut
2421 2562 2471 2621 si
2478 2563 2608 2639 quis
2625 2565 2886 2624 animam
2907 2576 3055 2625 sua*

2350 2667 2534 2733 ponat
2552 2676 2660 2734 pro
2675 2659 2878 2718 amicis
2897 2661 3016 2719 suis
3035 2691 3050 2707 ·

2353 2749 2396 2784 ¹⁴
2410 2748 2539 2809 Uos
2555 2752 2730 2811 amici
2749 2755 2863 2813 mei
2879 2755 3016 2814 estis
3035 2786 3050 2802 ·

2353 2845 2402 2904 si
2429 2844 2676 2905 feceritis
2705 2850 2866 2924 quod

2350 2958 2464 3016 ego
2491 2939 2710 3000 mando
2738 2943 2910 3002 uobis
2929 2975 3013 2988 -

2351 3031 2397 3066 ¹⁵
2415 3033 2544 3092 Iam
2573 3052 2692 3095 non
2721 3053 2829 3095 uos
2859 3038 3052 3098 dicam

2352 3145 2554 3187 seruos
2575 3159 2590 3174 ·
2653 3135 2796 3206 qt‘nn
2824 3149 2916 3191 ser

2353 3239 2462 3281 uus
2489 3224 2675 3282 nescit
2701 3224 2844 3302 quid
2873 3226 2931 3286 fa

2352 3317 2466 3377 ciat
2493 3317 2605 3378 dns
2632 3319 2756 3377 eius
2780 3350 2796 3367 ·
2862 3319 2990 3381 Uos

2353 3421 2548 3470 autem
2577 3411 2697 3472 dixi
2724 3415 2952 3475 amicos

2354 3503 2510 3578 Quia
2537 3509 2736 3566 omnia
2762 3526 2913 3586 quae
2941 3529 3016 3569 au

2353 3600 2471 3658 diui
2493 3617 2529 3658 a
2560 3611 2720 3676 patre
2748 3621 2886 3663 meo

2355 3705 2494 3754 nota
2520 3697 2689 3754 uobis
2717 3695 2825 3757 feci
2846 3730 2861 3745 ·

2356 3789 2398 3822 ¹¹
2418 3806 2542 3848 non
2568 3807 2680 3850 uos
2709 3809 2804 3851 me
2832 3792 3014 3870 elegis

2355 3883 2427 3943 tis
2455 3884 2560 3943 sed
2587 3903 2699 3961 ego
2729 3885 3013 3968 elegiuos

2355 3985 2414 4035 et
2441 3978 2709 4037 ordinaui
2737 3998 2846 4040 uos
2869 4012 2884 4028 ·
2950 3991 3014 4041 ut

2355 4089 2464 4130 uos
2491 4072 2632 4132 eatis
2659 4083 2718 4132 et
2745 4074 2978 4135 fructu-

2359 4165 2548 4226 feratis
2574 4178 2633 4228 et
2661 4167 2880 4229 fructus

3070 1112 3238 1171 *cem
3307 1112 3351 1147 ¹⁸
3367 1116 3418 1173 si
3443 1115 3704 1177 mundus

3106 1223 3216 1266 uos
3244 1208 3366 1267 odit
3395 1210 3604 1269 scitote

3108 1301 3270 1377 quod
3297 1302 3638 1380 priusquam

3104 1410 3216 1454 uos
3244 1414 3339 1455 me
3365 1397 3520 1455 odit·
3563 1396 3608 1431 ¹⁹
3631 1397 3690 1456 Si
3719 1399 3793 1457 de

3107 1487 3220 1548 hoc
3249 1490 3473 1549 mundo
3501 1510 3629 1551 esse

3105 1584 3178 1641 tis
3245 1584 3500 1643 mundus
3529 1587 3640 1663 tiqx

3105 1678 3265 1754 quod
3295 1696 3466 1737 suum
3491 1692 3614 1740 erat
3643 1699 3680 1740 a

3105 1782 3291 1831 maret
3311 1804 3324 1818 ·
3389 1780 3534 1851 qiim
3560 1781 3696 1835 aute

3105 1864 3178 1924 de
3207 1865 3320 1925 hoc
3351 1868 3574 1928 mundo
3603 1887 3726 1929 non

3103 1960 3242 2019 estis
3311 1960 3425 2019 Sed
3453 1981 3568 2039 ego
3597 1963 3684 2023 ele

3103 2054 3164 2130 gi
3191 2070 3301 2112 uos
3327 2054 3401 2113 de
3429 2054 3542 2115 hoc
3571 2074 3716 2117 mun

3105 2147 3183 2207 do
3203 2178 3218 2193 ·
3283 2146 3416 2208 ideo
3443 2168 3553 2209 uos
3580 2151 3704 2211 odit

3105 2241 3357 2300 mundus
3381 2272 3398 2290 ο
3419 2274 3432 2287 ·
3451 2275 3470 2290 ·
3539 2242 3584 2277 ²⁰
3603 2244 3808 2305 Memo

3103 2390 3196 2432 res
3223 2382 3410 2433 estote
3436 2376 3602 2433 uerbi
3629 2376 3744 2435 mei

3103 2466 3266 2546 quod
3292 2486 3405 2544 ego
3427 2468 3546 2529 dixi
3573 2471 3743 2531 uobis
3759 2502 3774 2517 ·

3104 2580 3226 2620 non
3253 2572 3342 2622 est
3371 2581 3570 2622 seruus
3597 2583 3695 2625 ma

3102 2657 3189 2715 ior
3214 2655 3336 2716 diio
3365 2675 3475 2717 suo
3493 2689 3508 2704 ·
3571 2657 3634 2717 Si
3663 2678 3758 2719 me

3102 2752 3390 2826 persecuti
3419 2763 3552 2812 sunt
3571 2785 3586 2800 ·
3649 2753 3728 2814 Et

3101 2860 3212 2902 uos
3240 2855 3656 2923 persequentur
3675 2879 3694 2894 ο

3105 2935 3166 2995 Si
3193 2939 3437 2998 uerbum
3464 2958 3660 3000 meum
3687 2961 3794 3002 cus

3102 3030 3330 3090 todiunt
3353 3064 3368 3079 ·
3431 3043 3489 3093 et
3516 3043 3714 3096 uestril

3104 3129 3418 3187 seruabunt
3441 3161 3456 3176 ·
3497 3127 3542 3160 ¹¹
3565 3130 3681 3189 Sed

3103 3220 3248 3281 haec
3278 3223 3476 3282 omnia
3504 3223 3714 3284 facient

3105 3315 3273 3374 uobis
3301 3327 3536 3394 propter
3565 3338 3646 3379 no

3104 3427 3244 3468 men
3271 3428 3470 3472 meum
3537 3415 3675 3490 quia
3701 3417 3763 3493 ig

3105 3513 3316 3563 norant
3339 3523 3475 3564 eum
3502 3509 3604 3584 qui
3630 3527 3728 3568 me

3104 3599 3261 3657 misit
3283 3629 3298 3645 ·
3412 3600 3473 3659 Si
3501 3620 3627 3663 non
3652 3621 3726 3663 ue

3105 3692 3322 3751 nissem
3349 3703 3407 3752 et
3433 3695 3663 3758 locutus

3103 3785 3210 3844 iuis
3238 3786 3472 3847 fuissem
3491 3821 3508 3836 ·
3564 3809 3748 3868 pecca

3103 3890 3230 3939 tum
3257 3901 3379 3942 non
3406 3884 3684 3946 haberent
3703 3920 3716 3934 ·

3105 3997 3263 4038 nunc
3294 3990 3486 4039 autem
3507 3999 3728 4042 excusa

3104 4075 3326 4134 tionem
3352 4094 3476 4135 non
3509 4076 3726 4137 habent

3107 4168 3180 4229 de
3199 4180 3444 4245 peccato
3464 4171 3690 4250 -†²⁸qui
3711 4191 3808 4232 me

3249 4263 3300 4312 in
3323 4270 3644 4328 penteconste

3827 476 3958 525 1¹01.
3979 477 4121 524 238.

4351 1041 4369 1176 ..3-
