4373 5048
598 390 691 439 IX.
714 387 892 449 36—X.
920 384 1026 453 14.]

293 548 422 601 ποι.
442 548 570 600 180.
598 548 920 625 conplexus
948 556 1099 607 esset

595 644 674 701 ait
701 642 811 701 illis
833 672 850 688 ·
909 640 956 675 ⁸⁷
974 639 1238 719 quisquis

592 755 668 795 ex
695 736 1032 796 huiusmodi
1060 753 1178 812 pue

593 832 671 889 ris
699 830 964 908 reciperit
989 830 1051 887 in

593 924 830 983 nomine
859 940 995 983 meo
1063 940 1159 982 me

591 1018 794 1095 recipit
811 1049 826 1064 ·
885 1026 944 1076 et
971 1017 1146 1095 quicii

589 1130 706 1189 que
734 1130 829 1170 me
857 1112 1096 1188 recipit·

591 1224 716 1266 non
743 1224 840 1264 me
867 1205 1072 1281 recipit
1099 1204 1206 1264 sed

588 1318 727 1358 eum
753 1300 854 1376 qui
882 1317 977 1358 me
1005 1299 1160 1357 misit

588 1393 633 1427 ⁸³
649 1391 976 1470 Respondit
1003 1402 1198 1451 autem

593 1487 880 1546 iohannes
907 1487 1110 1547 dicens

593 1578 876 1657 Magister
903 1581 1156 1639 uidimus

590 1673 886 1752 quendam
913 1674 974 1733 in
1003 1676 1165 1733 nomi

589 1786 665 1827 ne
693 1777 795 1827 tuo
823 1768 1125 1827 eicientem

1956 376 2263 441 MARc',
2286 408 2301 423 ·

1350 546 1504 606 circa
1532 544 1685 607 collo
1714 546 1840 607 eius

1347 650 1407 700 et
1435 641 1496 699 in
1524 641 1667 701 mari
1695 642 1858 701 mitte

1347 744 1504 795 retur
1527 768 1540 782 ·
1569 768 1582 782 ·
1627 734 1673 769 ⁴⁸
1690 736 1768 795 Et
1797 736 1848 795 si
1883 753 2030 795 scan

1348 829 1558 889 dalizat
1584 838 1642 889 te
1671 847 1884 889 manus

1345 932 1445 983 tua
1474 923 1706 984 abscide
1733 924 1880 983 illa·-

1346 1014 1584 1076 Bonum
1612 1027 1701 1076 est
1728 1018 1831 1076 tibi
1859 1017 1932 1077 de

1344 1112 1520 1172 bilem
1547 1111 1784 1171 introire

1345 1205 1406 1263 in
1433 1205 1614 1264 uitam
1684 1223 1864 1282 quam

1344 1298 1490 1357 duas
1517 1316 1728 1358 manus
1753 1298 1832 1359 ha

1343 1394 1580 1452 bentem
1605 1392 1726 1453 hire
1755 1394 1814 1451 in

1343 1486 1710 1563 geheennam
1743 1487 1805 1564 ig

1343 1582 1435 1639 nis
1477 1581 1800 1658 inextingui

1341 1675 1521 1733 bilem
1542 1705 1558 1721 ·
1621 1674 1666 1709 ⁴⁴
1683 1676 1782 1733 ubi
1809 1692 1917 1735 uer

1341 1768 1452 1827 mis
1479 1787 1683 1828 eorum
1711 1786 1836 1828 non

2154 557 2215 608 et
2242 547 2395 625 ignis
2424 564 2546 608 non
2569 548 2733 607 extin

2153 651 2360 719 guetur
2383 673 2397 689 ·
2420 672 2435 689 ·
2513 642 2559 675 ⁴⁹
2576 642 2773 703 omnis

2151 736 2312 793 enim
2339 734 2491 812 ignis
2560 734 2692 795 allie

2150 838 2243 887 tur
2264 860 2279 875 ·
2343 829 2422 888 Et
2450 830 2645 889 omnis

2149 922 2387 982 uictima
2414 922 2551 982 salis
2573 921 2629 982 al

2149 1015 2315 1076 lietur
2340 1049 2351 1063 ·
2378 1048 2393 1063 ·
2443 1014 2491 1049 ⁸⁰
2507 1018 2729 1075 bonum

2148 1120 2240 1169 est
2266 1109 2351 1169 sal
2431 1110 2591 1188 quod
2620 1110 2669 1169 si

2149 1204 2233 1264 sal
2259 1203 2541 1264 insulsum
2568 1203 2631 1264 fu

2148 1298 2256 1358 erit
2336 1298 2395 1357 in
2424 1316 2546 1375 quo
2573 1298 2712 1358 illud

2147 1391 2360 1452 salietis
2383 1422 2398 1438 ·
2459 1390 2671 1451 habete

2146 1484 2207 1543 in
2238 1485 2405 1545 uobis
2432 1485 2573 1562 ipsis
2600 1502 2667 1545 sa

2148 1578 2265 1638 lem
2286 1608 2300 1625 ·
2365 1588 2423 1638 et
2448 1596 2655 1655 pacem
2685 1578 2763 1639 ha

2146 1672 2281 1731 bete
2309 1672 2457 1731 inter
2484 1690 2594 1731 uos
2620 1706 2705 1715 —

2228 1792 2643 1820 ΜΝ

3485 391 3609 462 125

2906 546 3061 606 istud
3081 578 3096 594 ·
3180 546 3205 581 ⁸
3224 549 3299 607 ab
3326 548 3491 609 initio

2906 641 3067 700 enim
3093 641 3423 701 masculum

2904 744 2965 794 et
2992 734 3269 794 seminam
3298 734 3430 795 fecit

2906 846 3012 888 eos
3042 828 3110 889 ds
3194 830 3216 862 ⁷
3236 839 3295 890 et
3321 828 3465 890 dixit
3487 862 3502 878 ·

2907 922 3149 999 Propter
3176 923 3293 983 hoc
3321 924 3466 984 relin

2906 1026 3044 1093 quet
3073 1016 3255 1077 homo
3299 1023 3462 1095 patre

2904 1128 3076 1169 suum
3104 1120 3162 1170 et
3190 1116 3372 1171 matre
3398 1144 3411 1158 -

2904 1214 2962 1263 et
2990 1204 3293 1264 adherebit
3319 1223 3397 1265 ux

2903 1313 3067 1357 orem
3096 1316 3266 1359 suam
3286 1330 3301 1345 ·

2899 1390 2921 1423 ⁸
2944 1400 3002 1450 et
3028 1400 3196 1451 erunt
3224 1391 3342 1451 duo
3372 1394 3433 1451 in

2900 1502 3077 1544 carne
3104 1502 3224 1545 una
3246 1516 3260 1533 ·
3324 1485 3419 1545 Ita

2900 1594 3015 1656 que
3043 1578 3161 1637 iam
3191 1596 3315 1638 non
3344 1591 3478 1639 sunt

2897 1672 3018 1731 duo
3099 1673 3205 1732 sed
3236 1689 3355 1733 una
3380 1692 3454 1733 ca

2896 1783 2964 1825 ro
2988 1796 3005 1813 ·
3088 1766 3111 1800 ⁹
3127 1766 3288 1845 quod
3315 1783 3457 1843 ergo

3630 564 3755 615 rot
3778 566 3897 615 181.

2899 1858 2969 1919 ds
2996 1860 3291 1919 coniunxit
3317 1860 3398 1920 ho

2899 1970 3002 2012 mo
3030 1971 3155 2013 non
3183 1962 3413 2029 separet
3432 1986 3447 2001 ·

2899 2045 2943 2078 ¹⁰
2962 2046 3040 2105 Et
3068 2048 3129 2105 in
3157 2047 3339 2108 domo
3368 2048 3512 2108 iterfi

2097 1857 2125 1889 *
2146 1864 2248 1921 10.
2278 1859 2297 1893 ¹
2319 1858 2397 1919 Et
2421 1860 2557 1919 inde
2586 1880 2684 1920 sur

2097 1952 2127 1986 *
2148 1972 2296 2031 gens
2322 1954 2482 2014 uenit
2507 1954 2569 2013 in

2095 2047 2124 2080 ¹¹¹
2145 2048 2293 2109 fines
2318 2048 2525 2108 iudeae

1341 1862 1619 1921 morietur
1653 1872 1712 1922 et
1739 1862 1800 1940 ig

1341 1957 1433 2016 nis
1463 1974 1586 2015 non
1614 1956 1888 2033 extingue

1339 2060 1432 2109 tur
1451 2082 1465 2097 ·
1523 2050 1568 2083 ‘⁶
1582 2050 1660 2109 Et
1689 2050 1738 2109 si
1764 2066 1868 2126 pes
1897 2060 1960 2109 tu

592 1860 869 1921 demonia
890 1892 906 1908 ·
979 1862 1119 1939 quia

589 1971 714 2014 non
743 1956 1002 2033 sequitur
1027 1972 1138 2015 nos

587 2058 645 2107 et
671 2048 1074 2126 prohibuimus

585 2160 723 2202 eum
746 2171 762 2188 ·
803 2142 849 2175 ⁸⁸
869 2142 947 2201 Et
974 2154 1174 2219 respon

587 2236 733 2296 dens
758 2237 850 2295 ihs
875 2236 954 2296 ait
1021 2254 1104 2297 no

586 2328 682 2389 lite
709 2330 1016 2407 prohibere

587 2441 722 2483 eum
747 2454 761 2469 ·
824 2442 1002 2484 nemo
1030 2434 1116 2484 est

587 2557 746 2615 enim
765 2589 778 2602 ·
863 2557 964 2634 qui
994 2556 1164 2618 saciat

585 2651 857 2710 uirtutem
884 2652 944 2710 in
972 2652 1135 2710 nomi

585 2761 662 2802 ne
689 2763 857 2804 meo·
919 2745 997 2804 Et
1023 2746 1232 2822 poterit

585 2839 702 2897 cito
729 2839 880 2898 male
909 2839 1070 2916 loqui
1099 2840 1172 2899 de

587 2949 680 2991 me
703 2965 717 2980 ·
762 2932 808 2966 ⁴⁰
824 2932 946 3006 Qui
973 2933 1134 2992 enim
1161 2951 1283 2993 non

581 3035 670 3085 est
697 3026 976 3087 aduersus
1003 3045 1112 3086 uos

579 3138 690 3197 pro
709 3121 882 3181 uobis
907 3131 997 3180 est
1019 3153 1034 3168 ·

579 3212 623 3247 ⁴¹
642 3213 926 3292 Quisquis
951 3215 1108 3274 enim
1135 3233 1216 3292 po

579 3317 705 3367 tum
733 3309 953 3368 dederit
978 3309 1152 3368 uobis

579 3401 824 3460 calicem
851 3420 1004 3479 aque
1033 3403 1094 3461 in
1123 3421 1204 3462 no

577 3495 735 3554 mine
763 3513 898 3555 meo
926 3497 1065 3573 quia
1093 3497 1193 3572 xpi

577 3589 684 3649 etis
703 3620 718 3634 ·
783 3608 953 3649 amen
984 3589 1116 3650 dico
1145 3609 1226 3650 uo

578 3681 666 3741 bis
694 3683 836 3760 quia
861 3702 984 3744 non
1012 3684 1134 3761 peri

577 3775 660 3834 bit
685 3794 906 3836 merces
934 3778 1060 3837 eius
1078 3808 1094 3824 ·

575 3865 703 3928 ⁴²Et
721 3870 1109 3948 quicumquae
1131 3858 1276 3932 scan

573 3961 904 4024 dalizauerit
930 3971 1054 4024 unu

569 4056 644 4116 de
672 4057 892 4135 pusillis
921 4059 1040 4118 istis

571 4152 864 4212 crentibus
891 4153 952 4211 in
979 4171 1077 4213 me

571 4242 811 4304 Bonum
838 4257 925 4305 est
952 4246 1031 4305 illi
1059 4266 1159 4306 ma

570 4339 660 4415 gis
689 4340 734 4397 si
763 4339 1062 4401 circiidare

569 4441 664 4492 tur
689 4432 836 4510 lapis
861 4434 1094 4495 molaris

1339 2162 1410 2202 us
1453 2143 1808 2203 scandalizat

1340 2248 1397 2297 te
1425 2247 1664 2315 amputa
1692 2238 1856 2296 illum

1338 2332 1560 2391 bonum
1588 2340 1675 2389 est
1702 2331 1804 2390 tibi

1335 2425 1609 2484 claudum
1641 2425 1794 2484 intro

1334 2557 1417 2617 ire
1445 2557 1505 2616 in
1533 2557 1712 2616 uitam
1741 2566 1902 2619 aeter

1335 2669 1476 2710 nam
1496 2681 1511 2698 ·
1577 2669 1756 2730 quarn
1786 2651 1938 2712 duos

1335 2744 1518 2822 pedes
1546 2743 1862 2804 habentem

1334 2838 1484 2899 mitti
1511 2839 1572 2898 in
1599 2839 1868 2916 gehenna
1887 2871 1902 2886 ·

1335 2931 1397 2990 in
1423 2933 1623 3010 ignem
1651 2933 1896 2992 inex⁵tin

1333 3027 1613 3104 guibilem
1694 3027 1739 3060 ⁴⁶
1757 3027 1859 3086 ubi

1330 3120 1545 3180 uermis
1583 3137 1787 3180 eorum

1331 3231 1454 3273 non
1481 3213 1760 3274 morietur

1329 3318 1388 3367 et
1415 3309 1570 3385 ignis
1599 3326 1723 3366 non
1749 3309 1938 3369 exstin

1329 3412 1536 3480 guetur
1558 3432 1572 3448 ·
1597 3433 1612 3448 ·
1655 3403 1796 3461 ⁴⁷Et
1823 3404 1872 3462 si
1899 3422 1958 3464 o·

1327 3495 1490 3556 culus
1517 3505 1650 3557 tuus
1677 3515 1818 3556 scan

1328 3589 1537 3649 dalizat
1565 3601 1622 3650 te
1651 3590 1774 3650 eice
1805 3591 1842 3650 il

1326 3682 1447 3742 lum
1471 3713 1486 3730 ·
1547 3685 1770 3743 bonum
1800 3695 1890 3745 est

1326 3777 1432 3836 tibi
1459 3795 1704 3838 caecum
1731 3778 1885 3838 intro

1327 3871 1408 3930 ire
1437 3871 1496 3930 in
1525 3890 1774 3949 regnum
1801 3872 1862 3932 di
1880 3903 1894 3919 ·

1327 3982 1504 4044 quam
1533 3965 1684 4025 duos
1712 3983 1829 4025 ocu

1325 4059 1415 4118 los
1443 4059 1758 4118 habentem

1326 4154 1474 4212 mitti
1503 4154 1564 4211 in
1585 4151 1779 4229 gehen

1325 4265 1465 4307 nam
1493 4247 1644 4324 ignis
1707 4248 1752 4282 ⁴⁸
1769 4249 1867 4309 ubi

1323 4342 1536 4401 uermis
1578 4359 1780 4401 eorum

1321 4454 1442 4496 non
1471 4436 1746 4496 morietur

2143 2155 2303 2203 trans
2324 2142 2601 2203 iodanem

2143 2237 2221 2295 Et
2242 2238 2522 2297 conuenit

2141 2330 2345 2391 iterum
2374 2332 2540 2391 turba

2141 2424 2219 2483 ad
2248 2442 2383 2484 eum
2405 2455 2422 2472 ·
2484 2435 2543 2485 et
2577 2424 2726 2485 sieut

2141 2566 2528 2618 consueuerat
2556 2575 2652 2616 rur

2142 2669 2243 2710 sus
2272 2651 2525 2711 docebat
2551 2669 2657 2711 eos
2680 2685 2763 2694 ——

2138 2742 2161 2776 ²
2176 2744 2254 2804 Et
2280 2746 2627 2806 accedentes
2657 2745 2760 2806 sari

2139 2840 2259 2899 saei
2282 2841 2644 2916 interrogaue

2137 2945 2273 2992 runt
2298 2950 2436 2992 eum
2454 2963 2469 2980 ·
2531 2934 2579 2993 si
2608 2932 2741 2994 licet

2135 3027 2265 3087 uiro
2294 3045 2538 3088 uxorem
2570 3027 2629 3086 di

2135 3121 2358 3180 mittere
2381 3151 2397 3168 ·
2461 3130 2622 3198 temp

2134 3223 2319 3275 tante·
2345 3214 2507 3273 illum
2528 3246 2542 3262 ·
2608 3215 2631 3248 ³
2650 3215 2732 3274 At

2133 3309 2227 3368 ille
2256 3308 2621 3387 respondens

2132 3402 2277 3463 dixit
2305 3403 2390 3463 eis
2408 3433 2423 3450 ·
2506 3401 2648 3480 quid

2129 3495 2300 3556 uobis
2336 3497 2595 3574 precepit

2130 3608 2368 3667 moyses
2386 3621 2401 3637 ·
2485 3591 2509 3624 ⁴
2525 3591 2626 3666 qui
2657 3590 2757 3649 dix

2131 3695 2300 3744 erunt
2324 3715 2338 3730 ·
2423 3702 2633 3761 praece

2130 3778 2216 3855 pit
2242 3777 2499 3837 libellum
2528 3796 2590 3836 re

2130 3871 2295 3949 pudii
2320 3871 2458 3930 dare
2488 3872 2642 3949 scrip

2129 3974 2256 4024 tum
2288 3975 2347 4024 et
2375 3965 2600 4025 dimitte

2129 4078 2191 4118 re
2213 4090 2227 4105 ·
2312 4058 2335 4093 ⁸
2353 4059 2563 4138 quibus
2591 4077 2685 4119 res

2129 4153 2403 4230 pendens
2432 4153 2523 4213 ihs
2550 4153 2629 4213 ait

2130 4247 2227 4306 Ad
2254 4247 2525 4308 duritiam
2552 4265 2657 4308 cor

2129 4339 2220 4400 dis
2246 4342 2421 4401 uestri
2449 4341 2603 4418 scrip

2128 4436 2200 4495 sit
2226 4435 2397 4496 uobis
2426 4445 2769 4514 preceptu·'·

2898 2138 3169 2219 discipuli
3194 2142 3319 2201 eius
3346 2141 3423 2201 de

2898 2234 3113 2294 eodem
3142 2235 3355 2295 interro

2896 2338 3183 2403 gauerunt
3210 2346 3347 2389 eum
3370 2359 3386 2376 ·

2896 2418 2939 2454 ¹¹
2957 2420 3036 2481 Et
3064 2421 3211 2482 dixit
3236 2424 3321 2483 eis
3350 2422 3441 2483 ihs

2896 2553 3249 2632 quicumque
3275 2554 3419 2614 dimi

2896 2648 3032 2707 serit
3056 2664 3307 2707 uxorem
3334 2661 3489 2708 sua-

2894 2751 2951 2800 et
2979 2741 3154 2801 aliam
3184 2742 3411 2802 duxerit

2893 2836 3233 2896 moechatur
3258 2853 3432 2914 super

2890 2948 3025 2989 eam
3049 2960 3064 2977 ·
3128 2926 3172 2963 ¹²
3187 2940 3246 2990 et
3273 2931 3323 2991 si
3347 2931 3554 2992 mulier

2893 3023 3093 3083 exierit
3122 3042 3159 3082 a
3182 3025 3311 3085 uiro
3372 3037 3433 3085 et

2891 3117 2987 3177 alii
3016 3119 3273 3178 nubserit
3299 3135 3437 3179 moe

2890 3211 3094 3272 chatur
3117 3243 3133 3259 ·
3176 3211 3219 3245 ¹⁸
3238 3213 3317 3272 Et
3344 3213 3416 3273 of

2888 3304 3149 3366 ferebant
3174 3305 3230 3366 ei
3257 3325 3373 3383 pue

2888 3417 2983 3460 ros
3010 3408 3074 3458 ut
3102 3409 3364 3478 tangeret

2887 3511 2993 3554 eos
3016 3525 3032 3541 ·
3117 3494 3383 3572 discipuli

2888 3597 3085 3647 autem
3113 3590 3403 3649 commina

2888 3682 3102 3742 bantur
3130 3683 3249 3743 offe

2887 3776 3147 3836 rentibus
3169 3808 3183 3824 ·
3202 3809 3285 3820 —·

2886 3866 2931 3901 ¹⁴
2948 3887 3098 3946 quos
3126 3888 3259 3930 cum
3288 3871 3347 3931 ui

2888 3960 3047 4022 deret
3072 3963 3163 4024 ihs
3189 3964 3357 4042 indig

2886 4067 3059 4117 natus
3088 4069 3177 4118 est
3200 4089 3216 4106 ·
3278 4058 3357 4119 Et
3384 4059 3465 4120 ait

2886 4151 2994 4212 illis
3068 4153 3238 4212 sinite
3266 4171 3383 4230 pue

2884 4264 2981 4306 ros
3018 4247 3218 4306 uenire

2883 4341 2960 4399 ad
2988 4358 3086 4400 me
3109 4371 3125 4388 ·
3184 4339 3264 4399 Et
3290 4341 3470 4402 nolite

2881 4432 3187 4511 prohibere
3212 4432 3343 4493 illos
