4373 5048
1595 430 2051 495 EDITORIS
2087 432 2545 495 NOTULAE.
3282 448 3399 514 143

698 604 818 658 Fol.
843 602 914 658 55
929 602 987 658 b.
1030 601 1112 657 16.
1149 616 1596 673 numnumquam
1633 606 1798 673 ηιμ,
1836 604 2104 668 2‘ncun'a,·
2137 603 2443 659 secundum
2478 618 2617 658 num
2654 602 2834 657 erasit
2868 619 3011 660 corr.
3084 603 3226 656 Post
3264 606 3401 672 qflm

833 702 904 741 ex
939 700 1035 741 ore
1069 686 1345 755 smptum
1379 690 1465 741 est
1495 685 1730 755 aliquid
1755 703 1934 741 manu
1969 701 2020 757 2,
2058 686 2346 742 lectionem
2366 688 2578 766 forsan
2611 687 2899 758 explicans
2906 704 2940 752 ,·
2984 686 3088 741 sed
3112 686 3403 756 sonjotura

820 769 1050 839 partim
1074 768 1316 822 abscissa
1337 774 1424 823 est
1429 772 1658 841 partim
1681 772 1936 825 euanuit.

694 864 816 920 Fol.
842 862 929 919 56.
965 878 1052 935 23.
1071 862 1330 935 prncipes
1349 867 1512 936 ηιμ,
1528 864 1546 918 i
1561 868 1834 936 superscr.
1849 881 1994 921 corr.
2009 869 2157 938 ηιμ
2210 878 2296 937 25.
2322 866 2563 922 iohanns
2582 868 2747 937 ηιμ,
2767 863 3073 937 isuperscr.
3088 879 3233 921 corr.
3249 866 3399 935 ηιμ

694 960 741 1014 F
744 960 818 1013 ol.
842 958 913 1015 56
935 960 994 1015 1).
1031 972 1117 1030 25.
1143 960 1446 1017 crediditis
1471 965 1634 1032 ηιμ,
1661 980 1689 1017 s
1712 965 1988 1032 superscr.
2013 978 2158 1017 corr.
2183 965 2333 1032 ηιμ

693 1055 740 1110 F
743 1056 816 1110 ol.
843 1055 929 1111 57.
967 1070 1052 1124 32.
1078 1054 1395 1112 credidistis
1420 1074 1493 1111 ex
1512 1055 1716 1113 credis-
1742 1059 1992 1113 correxit
2011 1060 2178 1128 ηιμ,
2200 1056 2431 1112 delendo
2457 1075 2501 1113 s·

692 1151 818 1207 Fol.
843 1150 930 1207 58.
966 1166 1054 1219 44.
1090 1169 1125 1207 u
1146 1153 1214 1207 in
1237 1168 1367 1210 eum
1389 1154 1456 1208 in
1478 1170 1594 1208 ras.
1612 1155 1824 1224 smpta
1841 1159 1926 1208 est
1943 1172 1984 1208 a
2008 1156 2156 1224 ηιμ
2228 1165 2315 1223 45.
2343 1153 2459 1225 qud
2484 1155 2649 1224 ηιμ,
2675 1169 2711 1208 ο
2734 1156 3009 1224 superscr.
3032 1169 3175 1207 corr.
3202 1154 3349 1222 ηιμ

693 1248 816 1304 Fol.
841 1246 912 1303 58
928 1248 984 1303 1).
1021 1246 1108 1303 22.
1129 1261 1180 1315 7.
1205 1247 1472 1305 euitatem
1496 1252 1658 1321 ηιμ,
1683 1248 1700 1303 i
1724 1253 2000 1321 superscr.
2024 1265 2168 1305 corr.
2194 1252 2338 1320 ηιμ

694 1342 817 1397 Fol.
843 1343 929 1399 59.
971 1358 1052 1413 13.
1077 1342 1296 1399 dntium
1322 1348 1483 1417 ηιμ,
1509 1362 1542 1402 e
1566 1349 1841 1417 superscr.
1865 1362 2010 1400 corr.
2036 1348 2184 1417 ηιμ

694 1439 816 1493 Fol.
839 1436 928 1495 60.
965 1439 1051 1494 28.
1076 1449 1160 1495 ert
1185 1444 1350 1511 ηιμ,
1376 1440 1394 1495 i
1418 1445 1694 1513 superscr.
1713 1456 1858 1497 corr.
1884 1444 2028 1511 ηιμ
2103 1455 2190 1511 29.
2214 1458 2367 1495 erras
2386 1444 2549 1511 ηιμ,
2574 1442 2753 1496 erasit
2776 1458 2803 1495 s
2826 1456 2971 1495 corr.
2992 1442 3135 1511 ηιμ
3160 1444 3217 1495 et
3235 1438 3307 1495 tis
3331 1439 3398 1493 in

833 1526 1094 1595 margine
1115 1523 1354 1580 addiaft.
1426 1539 1512 1593 31.
1548 1525 1666 1595 qud
1688 1527 1848 1595 ηιμ,
1875 1540 1911 1579 o
1935 1527 2210 1595 superscr.
2234 1540 2379 1579 corr.
2404 1528 2547 1595 ηιμ
3384 1538 3391 1548 ·

693 1618 740 1673 F
743 1618 816 1674 ol.
841 1617 914 1673 60
931 1619 986 1673 1).
1023 1632 1108 1688 39.
1133 1629 1220 1675 est
1243 1621 1309 1675 in
1333 1637 1448 1675 ras.
1472 1621 1551 1675 hu
1576 1622 1853 1691 scnjotum
1875 1624 1999 1686 est,·
2030 1621 2319 1691 inceperat
2341 1619 2525 1674 scriba
2562 1618 2743 1675 simile
2774 1618 2902 1674 huic
2933 1619 3183 1687 scribere,
3212 1616 3318 1671 sed
3332 1618 3396 1672 in

834 1700 1016 1758 simile
1049 1711 1136 1759 est
1177 1703 1310 1759 huic
1351 1706 1599 1760 correxit
1633 1705 1766 1774 ipse.
1839 1715 1928 1774 45.
1969 1702 2145 1759 dauid
2179 1720 2256 1758 ex·
2286 1702 2445 1759 dauit
2480 1704 2730 1758 correxit
2761 1706 2905 1773 ηιμ
2978 1720 3011 1758 e
3046 1704 3111 1758 in
3146 1711 3231 1756 est
3265 1718 3341 1755 ex
3373 1712 3395 1755 t

831 1788 1081 1840 correxit
1102 1790 1246 1857 ηιμ

692 1880 816 1937 Fol.
840 1880 928 1935 61.
963 1883 1052 1949 46.
1077 1898 1247 1938 ausus
1262 1892 1348 1938 est
1371 1901 1383 1938 ε
1422 1900 1488 1938 us
1504 1884 1672 1938 estin
1688 1898 1804 1936 ras.
1819 1883 2096 1953 scriptum
2117 1887 2206 1936 est
2217 1900 2256 1936 a
2274 1884 2421 1953 ηιμ
2495 1881 2581 1935 23.
2602 1895 2651 1950 3.
2672 1878 2873 1937 diez-int
2890 1884 3055 1951 ηιμ,
3073 1898 3109 1934 x
3122 1883 3397 1952 superscr.

831 1980 977 2021 corr.
1002 1969 1150 2038 ηιμ
1221 1966 1273 2021 6.
1309 1965 1561 2021 conuiuis
1586 1968 1751 2036 ηιμ,
1778 1964 1796 2019 i
1820 1968 2092 2035 superscr.
2120 1982 2265 2023 corr.
2291 1968 2437 2035 ηιμ

693 2061 740 2114 F
741 2061 815 2116 ol.
838 2060 904 2117 61
925 2061 980 2115 b.
1016 2077 1068 2132 9.
1101 2078 1303 2117 uocare
1329 2078 1404 2116 ex
1433 2060 1623 2117 uocari
1647 2063 1897 2117 correxit
1923 2064 2070 2132 ηιμ
2141 2078 2243 2115 vv.
2273 2060 2461 2129 13-28.
2498 2060 2713 2115 onu'ttit
2750 2058 2935 2115 Codex
2948 2078 2971 2115 .·
3004 2074 3105 2113 nec
3136 2059 3401 2128 supplent

831 2152 1162 2201 correctores
1180 2165 1204 2200 .·
1237 2146 1426 2200 eadem
1451 2145 1623 2199 uerba
1648 2160 1782 2199 uero
1805 2149 1862 2198 et
1881 2160 1939 2198 v.
1971 2158 2034 2212 13
2059 2149 2116 2199 et
2135 2161 2194 2198 v.
2221 2157 2291 2213 29
2300 2145 2379 2200 ‚in
2404 2144 2577 2197 im’tio
2598 2142 2805 2198 habent
2836 2144 2851 2171 ‘
2872 2144 2999 2197 Uae
3023 2150 3214 2197 autem
3236 2141 3399 2198 uobis

832 2226 1016 2283 scribe
1049 2238 1106 2283 et
1139 2228 1325 2283 farisei
1362 2228 1724 2298 hypocritae}
1761 2227 1910 2281 unde
1930 2227 2111 2298 facile
2143 2228 2327 2283 sm'ba
2350 2230 2465 2298 per
2495 2226 2783 2281 incun'am
2795 2227 3086 2298 posterius
3123 2227 3251 2283 Uae
3279 2230 3397 2294 etc„

821 2312 1152 2382 propriore
1174 2312 1420 2383 legendo,
1443 2314 1526 2367 sic
1546 2313 1610 2366 in
1635 2311 1816 2367 codice
1824 2314 2079 2382 poneret.

693 2406 740 2461 F
743 2408 814 2462 ol.
840 2406 1054 2549 62232.
1079 2424 1310 2463 mnsura
1345 2409 1507 2477 ηιμ,
1540 2424 1574 2463 e
1608 2409 1882 2477 superscr.
1907 2423 2051 2462 corr.
2077 2410 2225 2479 ηιμ
2301 2419 2386 2479 35.
2411 2405 2693 2462 esunditur
2716 2408 2883 2477 ηιμ,
2908 2404 2936 2459 f
2952 2407 3226 2474 superscr.
3252 2420 3396 2459 corr.

831 2493 906 2532 ηι
966 2516 981 2536 .

693 2573 740 2628 F
742 2573 816 2628 ol.
841 2573 911 2628 62
930 2575 984 2629 b.
1022 2586 1109 2643 37.
1135 2574 1242 2630 sub
1265 2574 1402 2643 alar»,
1428 2578 1594 2646 ηιμ,
1618 2575 1658 2628 11
1681 2576 1958 2645 superscr.
1981 2591 2125 2629 corr.
2152 2577 2299 2644 ηιμ

691 2669 738 2724 F
741 2670 816 2724 01.
840 2668 927 2725 63.
964 2669 1051 2725 24.
1071 2671 1121 2726 8.
1146 2667 1528 2740 parturitionis
1550 2687 1626 2725 ex
1643 2687 1773 2726 ·nes
1797 2671 2044 2725 correxit
2064 2674 2215 2741 ηιμ

691 2765 814 2821 Fol.
840 2764 911 2820 63
929 2764 984 2821 1).
1026 2781 1108 2820 10.
1131 2767 1320 2823 tradnt
1344 2770 1515 2837 ηιμ,
1539 2783 1573 2822 e
1595 2769 1870 2836 superscr.
1895 2769 2040 2836 ηιμ

693 2863 740 2917 F
743 2862 817 2916 ol.
836 2861 924 2916 64.
964 2876 1048 2916 22.
1069 2861 1215 2916 omis
1235 2865 1397 2934 ηιμ,
1425 2879 1466 2889 -
1488 2862 1714 2916 αᾰάὶιίἰί
1737 2878 1944 2916 manus
1954 2860 2259 2933 posterior.

691 2957 814 3013 Fol.
839 2957 911 3012 64
927 2958 986 3012 b.
1047 2969 1132 3025 27.
1155 2966 1240 3013 ert
1265 2961 1427 3029 ηιμ,
1454 2958 1768 3028 isuperscr.
1794 2974 1937 3012 corr.
1963 2959 2107 3027 ηιμ
2181 2971 2268 3026 29.
2292 2957 2455 3013 stilae
2490 2958 2657 3027 ηιμ,
2692 2972 2727 3012 e
2760 2957 3033 3025 superscr.
3066 2970 3210 3010 corr.
3238 2969 3314 3008 ηι
3330 2957 3395 3026 μ

835 3054 921 3109 31.
947 3040 1122 3096 sumis
1148 3045 1310 3113 ηιμ,
1334 3057 1393 3096 m
1417 3045 1694 3113 super-scr.
1720 3057 1863 3096 corr.
1887 3042 2032 3110 ηιμ

694 3137 815 3192 Fol.
839 3135 926 3191 65.
975 3150 1061 3205 34.
1099 3137 1135 3195 ·Ι·
1169 3142 1304 3192 ante
1336 3138 1520 3193 Amen
1553 3152 1732 3192 manu
1757 3152 1808 3206 2,
1833 3136 2071 3192 t’m'tium
2103 3141 2172 3190 ut
2206 3135 2442 3191 uidetur
2470 3135 2725 3192 lectiom's
2759 3139 2936 3189 notat.
2974 3133 3124 3189 donc
3160 3135 3326 3204 ηιμ,
3362 3149 3397 3188 e

831 3223 1107 3290 superscr.
1130 3237 1274 3276 corr.
1299 3223 1445 3291 ηιμ

691 3315 815 3372 Fol.
841 3315 927 3370 66.
978 3327 1062 3385 51.
1097 3333 1136 3386 g
1171 3317 1236 3372 in
1271 3315 1492 3385 ignorat
1526 3333 1601 3371 ex
1631 3333 1669 3370 n
1705 3315 1955 3370 correxit
1989 3317 2143 3385 ηιμ
2218 3315 2304 3370 25.
2348 3328 2392 3370 1.
2422 3315 2457 3370 ·Ι·
2480 3320 2614 3370 ante
2647 3314 2810 3368 Tunc
2844 3329 3023 3367 manu
3048 3327 3119 3380 23
3156 3313 3397 3367 im‘tium

829 3397 1083 3454 lectionis
1125 3401 1158 3454 t
1185 3439 1200 3455 .

691 3481 812 3537 Fol.
837 3481 909 3536 66
926 3479 980 3537 b.
1031 3493 1081 3549 7.
1101 3399 1506 3552 (cgmposurunt
1525 3485 1686 3553 ηιμ,
1705 3498 1738 3537 e
1753 3484 2028 3552 supet-scr.
2043 3497 2188 3537 corr.
2204 3498 2278 3536 ηι
2298 3496 2349 3550 3.
2429 3496 2508 3536 ιο.
2533 3481 2689 3535 clusa
2714 3482 2875 3549 ηιμ,
2900 3495 2937 3533 a
2958 3482 3233 3549 superscr.
3250 3492 3395 3533 corr.

833 3581 978 3635 ηι3.
1033 3580 1115 3621 12.
1137 3567 1281 3620 Post
1299 3564 1462 3621 uobis
1486 3571 1570 3619 est
1581 3581 1696 3620 ras.
1722 3565 1755 3620 8
1781 3571 1936 3635 aut9
1959 3565 2328 3632 litterarum,·
2360 3581 2475 3634 nec,
2498 3564 2645 3635 qta'd
2659 3565 2935 3635 smptum
2944 3563 3151 3634 ficm't,
3174 3560 3371 3632 liquet.

691 3661 739 3716 F
742 3662 816 3716 01
841 3660 928 3715 67.
979 3672 1060 3728 17.
1084 3661 1170 3716 ad
1167 3660 1318 3731 fin
1351 3660 1577 3715 addidit
1598 3678 1804 3716 manus
1818 3663 2121 3732 posterior.

837 3745 920 3800 18.
957 3743 1250 3800 dfiiamdfii
1287 3743 1372 3799 sui
1409 3762 1483 3799 m.
1491 3748 1557 3816 μ
1581 3745 1846 3810 i;ncaute
1878 3745 2058 3799 erasa
2089 3760 2183 3800 am
2222 3744 2321 3800 dii
2358 3742 2444 3799 sui
2480 3749 2538 3800 et
2570 3740 2656 3799 sui
2689 3743 2757 3798 in
2785 3742 2902 3798 loco
2925 3757 3019 3797 am
3045 3740 3142 3795 dni
3153 3742 3358 3812 posuit
3373 3759 3397 3796 .·

832 3845 883 3883 v.
919 3842 999 3897 19.
1028 3829 1164 3884 Post
1185 3844 1251 3882 m
1274 3844 1486 3883 rasura
1511 3828 1596 3884 sui
1619 3830 1894 3899 scrtjbtum
1919 3833 2016 3883 est.

691 3924 816 3979 Fol.
839 3923 910 3978 67
928 3925 982 3979 1).
1033 3939 1118 3979 20.
1155 3924 1326 3980 taleta
1356 3941 1431 3978 m.
1437 3927 1520 3995 μ
1547 3941 1586 3980 11
1613 3927 1887 3995 superscr.
1924 3939 2068 3979 corr.
2098 3941 2172 3977 m.
2180 3927 2247 3994 μ
2318 3922 2433 3978 alia
2466 3921 2713 3994 quinque
2746 3938 2813 3977 su
2845 3919 2855 3990 Ι
2884 3920 3229 3990 perlueratus
3266 3934 3393 3974 sum

830 4009 1062 4078 smpstt
1094 4025 1167 4063 m.
1171 4011 1236 4079 μ
1224 4046 1256 4076 .,
1295 4009 1508 4064 talenta
1541 4009 1787 4062 omisso.-
1821 4009 2001 4063 eraszt
2034 4024 2102 4062 su
2135 4023 2280 4062 corr.
2306 4010 2469 4079 ηιμ,
2504 4012 2561 4060 et
2592 4005 2803 4062 talenta
2830 4006 2898 4059 in
2927 4018 3141 4058 rasura
3152 4003 3396 4074 posui&

831 4107 898 4146 su
933 4093 998 4146 in
1023 4093 1284 4162 margine
1305 4093 1588 4161 sequentis
1611 4091 1793 4145 lineae
1814 4096 1948 4146 ante
1969 4091 2314 4161 pez-lucratus
2340 4088 2577 4144 addidit.

835 4188 919 4230 21.
955 4173 1089 4230 fusti
1136 4178 1308 4246 ηιμ,
1350 4175 1367 4229 i
1409 4177 1684 4246 superscr.
1722 4191 1865 4230 corr.
1910 4191 1984 4228 m.
2000 4177 2064 4246 μ
2141 4187 2228 4228 22.
2264 4173 2377 4229 alia
2416 4172 2644 4227 adaeffdat
2679 4189 2745 4227 m
2792 4185 3052 4241 margmo
3088 4171 3232 4238 ηιμ
3306 4179 3391 4238 25.

831 4259 1140 4315 talentuum
1163 4275 1238 4313 m.
1251 4260 1335 4329 μ,
1359 4256 1562 4329 quod
1531 4274 1598 4314 m
1621 4260 1897 4316 talentum
1915 4267 2074 4315 tuum
2098 4258 2347 4314 corren‘t
2366 4257 2555 4312 eadem
2579 4272 2801 4311 manus.
