4373 5048
543 395 657 443 xx.
676 390 867 460 4-29·]
1812 381 1947 443 MA
1964 368 2286 442 TTHEIJ
2307 411 2320 426 ·
3475 396 3556 465 27

2097 550 2324 628 solyma
2347 580 2362 597 ·
2426 558 2484 609 et
2511 549 2662 609 filius

2099 642 2350 704 hominis
2379 645 2540 704 trade

2096 746 2190 796 tur
2216 738 2576 815 principibus

2097 832 2470 892 sacerdotum
2497 840 2556 890 et

2095 925 2298 985 scribis
2365 936 2423 986 et
2451 943 2569 985 con

2094 1017 2459 1077 demnabunt
2483 1036 2620 1078 eum

2093 1122 2280 1172 morte
2304 1143 2319 1159 ·
2363 1112 2407 1146 ¹⁹
2421 1122 2478 1172 et
2505 1122 2594 1171 tra

2094 1205 2236 1265 dent
2261 1224 2398 1265 eum
2426 1208 2589 1283 genti

2093 1298 2206 1357 bus
2232 1298 2309 1359 ad
2336 1299 2586 1359 deluden

2093 1392 2236 1452 dum
2297 1402 2357 1454 et
2384 1394 2658 1472 flagellan

2094 1486 2237 1545 dum
2294 1497 2354 1547 et
2383 1488 2582 1550 crucifi

2853 550 3228 627 baptizamini
3249 578 3263 595 ·
3331 552 3407 615 Se

2856 643 2992 704 dere
3021 657 3215 707 autem
3237 648 3312 709 ad

2853 735 3116 799 dextram
3143 758 3340 801 meam

2853 841 2911 891 et
2939 832 3016 892 ad
3044 835 3332 895 sinistram
3357 872 3373 887 ·

2850 944 2974 986 non
3001 936 3091 987 est
3119 927 3232 990 hoc
3259 936 3396 991 meii

2852 1018 3001 1081 dare
3053 1022 3158 1083 sed
3184 1025 3286 1101 qui

2848 1114 2962 1175 bus
2987 1126 3252 1193 paratum
3281 1130 3370 1180 est

2851 1226 2889 1267 a
2914 1219 3077 1285 patre
3105 1230 3243 1273 meo
3263 1245 3349 1258 —

2850 1300 2988 1361 “Et
3015 1305 3314 1366 audientes
3343 1308 3486 1369 dece

2852 1398 3172 1457 contristati
3199 1409 3335 1460 sunt

2854 1488 2928 1549 de
2954 1489 3184 1550 duobus
3213 1491 3299 1552 fra

2853 1583 3034 1643 tribus
3053 1613 3069 1630 ·
3131 1582 3176 1618 ²⁸
3197 1584 3297 1645 Ihs
3326 1604 3401 1646 au

2855 1686 2976 1737 tem
3003 1695 3198 1738 uocan
3224 1698 3327 1740 eos

2856 1771 2938 1829 ait
2959 1794 2973 1809 ·
3041 1770 3212 1832 Scitis
3239 1773 3395 1852 qu⁰d

2857 1864 3150 1942 principes
3175 1868 3338 1944 genti

2853 1975 2958 2017 um
2985 1958 3358 2020 dominantur

1296 550 1337 585 ¹¹
1363 551 1731 629 Accipientes
1757 556 1891 611 aute
1988 623 1995 629 ,

1296 657 1802 706 murmurauerunt
1825 677 1840 692 ·

1297 739 1577 799 aduersus
1606 750 1769 817 pater

1295 833 1543 893 familias
1606 831 1835 894 ”dicen

1297 936 1385 987 tes
1408 958 1423 973 ·
1487 933 1629 1005 qum
1660 928 1720 986 hi
1754 946 1835 987 no

1293 1021 1514 1081 nissimi
1543 1040 1663 1082 una
1690 1021 1770 1082 ho

1293 1133 1360 1179 ra
1388 1114 1648 1175 fecerunt
1669 1147 1685 1162 ·
1745 1126 1802 1175 et

1293 1209 1567 1286 aequales
1594 1209 1722 1269 illos
1751 1228 1831 1269 no

1292 1302 1383 1362 bis
1412 1301 1594 1363 fecisti
1617 1334 1631 1350 ·
1691 1304 1790 1379 qui

1291 1398 1652 1473 portauimus
1678 1408 1795 1475 p0n

1295 1492 1403 1550 dus
1433 1491 1547 1551 diei
1572 1502 1630 1550 et
1659 1502 1885 1551 aestu--

1290 1581 1335 1617 ¹³
1352 1585 1433 1643 At
1456 1584 1551 1644 ille
1580 1586 1899 1663 respondes
2090 1581 2350 1656 gendum
2371 1610 2386 1629 ·
2445 1593 2504 1643 et
2529 1593 2620 1643 ter

1291 1677 1435 1738 dixit
1461 1680 1563 1738 uni
1590 1697 1793 1740 eorum
1813 1712 1828 1728 .
1887 1726 1935 1775 A
1974 1736 2086 1781 osto
2100 1674 2180 1733 tia
2209 1673 2302 1735 die
2331 1685 2589 1753 resurget
2607 1708 2622 1723 ·

1289 1772 1477 1832 amice
1506 1791 1631 1833 non
1661 1774 1812 1834 facio
1920 1743 2144 1846 lgan'
2160 1767 2334 1828 Tunc
2363 1772 2600 1830 acce⁸sit
2627 1770 2705 1831 ad
2729 1774 2806 1830 eii

1290 1866 1395 1925 tibi
1421 1866 1689 1927 iniuriam
1711 1900 1726 1915 ·
1981 1865 2019 1926 †
2097 1870 2283 1921 mater
2310 1862 2560 1922 filiorum

1290 1978 1491 2021 nonne
1519 1980 1592 2020 ex
1622 1962 1863 2024 denario

258 569 387 617 ποι.
410 568 501 618 52.
539 552 618 613 Et
644 552 807 631 quod
834 553 1054 612 iustum

538 648 711 707 suerit
730 646 888 707 dabo
916 647 1083 707 uobis
1103 677 1118 694 ·

538 741 562 774 ⁸
580 741 659 801 illi
687 750 883 801 autem
909 740 1041 801 abie

540 844 677 894 runt
698 866 713 881 ·
776 834 997 894 Iterum

538 928 679 987 exiit
707 928 863 988 circa
890 937 1105 987 sexta·-

539 1030 597 1080 et
623 1039 847 1081 nonam
875 1022 1084 1081 horam
1104 1052 1118 1068 ·

538 1124 597 1174 et
624 1115 758 1175 fecit
788 1116 1042 1175 similiter
1064 1146 1079 1163 ·

537 1209 560 1243 θ
578 1208 749 1269 Circa
776 1209 1149 1269 undecimam

538 1312 737 1363 autem
763 1301 973 1362 horam

537 1396 741 1457 exiens
768 1397 984 1456 inuenit
1027 1413 1033 1428 ·

537 1488 683 1549 alios
709 1499 929 1550 stantes
956 1492 1038 1550 oti

536 1600 676 1643 osos
700 1615 713 1630 ·
777 1594 835 1643 et
862 1584 1003 1643 dicit
1034 1583 1144 1644 illis
1164 1616 1177 1631 ·

535 1675 697 1748 Quid
724 1676 820 1737 hic
850 1679 1015 1740 statis
1043 1689 1165 1739 tota

538 1770 631 1830 die
658 1772 827 1831 otiosi
851 1804 867 1819 ·
909 1773 933 1807 '¹
950 1772 1151 1834 dicunt

535 1864 590 1923 ei
618 1866 754 1942 quia
782 1884 959 1927 nemo
988 1886 1097 1927 nos

536 1959 821 2019 conduxit
844 1992 859 2007 ·
921 1961 1058 2021 dicit

3584 576 3707 628 1⁸01.
3731 578 3826 631 38·

2096 1955 2334 2015 zebedei
2363 1974 2498 2016 cum
2529 1957 2606 2017 fili

534 2050 643 2111 illis
671 2082 685 2099 ·
745 2053 833 2113 Ite
860 2064 918 2114 et
946 2073 1057 2114 uos
1083 2056 1143 2115 in

532 2146 770 2207 uincam
794 2178 809 2195 ·
872 2157 931 2208 et
958 2149 1120 2226 quod

533 2237 703 2299 fuerit
728 2240 943 2301 iustum
971 2261 1041 2303 ac

534 2332 757 2410 cipietis
780 2365 795 2382 ·
840 2333 861 2368 ⁸
880 2334 1035 2395 Cum

538 2481 668 2524 sero
696 2475 891 2524 autem
919 2466 1125 2528 factu-

539 2566 692 2616 esset
719 2557 857 2618 dicit
889 2561 1001 2620 diis

537 2649 745 2711 uineae
772 2670 1019 2728 procura

539 2744 648 2804 tori
676 2762 783 2806 suo
810 2764 960 2807 uoca
985 2767 1101 2826 ope

536 2837 717 2897 rarios
745 2848 803 2898 et
831 2840 1009 2902 redde

536 2928 647 2989 illis
674 2933 1006 2994 mercedem
1024 2967 1039 2983 ·

537 3022 835 3101 Incipiens
863 3045 899 3086 a
928 3030 1099 3089 nouis

538 3118 699 3177 simis
718 3137 905 3198 usque
934 3122 1009 3181 ad

536 3213 761 3289 primos
784 3245 800 3260 ·
844 3215 867 3248 ⁹
883 3234 1021 3275 cum
1049 3237 1121 3278 ue

538 3305 758 3366 nissent
788 3326 934 3385 ergo
960 3312 1061 3387 qui

538 3399 691 3459 circa
717 3401 1092 3464 undecimam

538 3505 819 3553 uenerant
846 3497 1051 3574 accipe

537 3598 674 3646 runt
700 3588 959 3666 singulos
986 3591 1061 3650 de

1290 2056 1616 2117 conuenisti
1645 2064 1819 2118 mecii
1843 2089 1858 2106 ·

1291 2146 1337 2181 ¹⁴
1355 2148 1529 2210 Tolle
1556 2152 1721 2227 quod
1748 2162 1914 2211 tuum

1292 2251 1382 2301 est
1408 2254 1465 2303 et
1492 2244 1643 2303 uade
1667 2276 1682 2291 ·
1740 2244 1902 2306 Uolo

1292 2345 1489 2395 autem
1516 2337 1651 2398 huic
1674 2357 1755 2398 no

1291 2464 1532 2526 uissimo
1561 2466 1700 2528 dare
1728 2468 1877 2530 sicut

1298 2559 1399 2617 tibi
1418 2589 1433 2606 ·
1475 2559 1657 2620 18Αιιῑ
1684 2581 1807 2623 non
1836 2563 1877 2623 li

1298 2663 1391 2712 cet
1418 2653 1555 2713 mihi
1586 2654 1775 2716 facere

1297 2747 1461 2823 quod
1487 2747 1625 2810 uolo
1652 2751 1713 2808 in
1739 2769 1849 2829 pro

1298 2841 1436 2919 priis
1465 2844 1613 2903 meis
1636 2875 1651 2891 ·
1716 2846 1815 2904 An
1843 2863 1883 2906 o

1298 2935 1463 2996 culus
1490 2947 1624 2998 tuus
1653 2951 1898 3017 nequa-

1296 3039 1385 3089 est
1412 3031 1551 3108 quia
1577 3051 1691 3109 ego
1720 3035 1911 3095 bonus

1296 3141 1427 3184 sum
1447 3156 1462 3171 ·
1507 3125 1548 3159 ¹⁶
1567 3125 1663 3188 Sic
1691 3138 1860 3188 erunt

1295 3219 1467 3295 primi
1494 3221 1792 3280 nouissimi
1815 3254 1830 3269 ·

1295 3320 1354 3369 et
1382 3313 1684 3372 nouissimi
1713 3316 1885 3392 primi
1908 3347 1923 3364 ·

1296 3403 1468 3464 Multi
1496 3416 1691 3466 autem
1720 3419 1857 3469 sunt

1294 3494 1485 3558 uocati
1541 3503 1712 3576 pauci
1738 3512 1927 3564 aute*

1293 3591 1492 3650 electi·
1514 3619 1914 3651 unum-stes

2095 2048 2145 2108 is
2174 2050 2292 2110 suis
2315 2082 2330 2097 ·
2404 2050 2659 2112 adorans

2092 2152 2151 2201 et
2178 2152 2386 2221 petens
2419 2145 2637 2222 aliquid

2093 2238 2169 2295 ab
2197 2256 2272 2297 eo
2292 2268 2306 2284 ·
2352 2235 2394 2270 ¹¹
2423 2239 2552 2316 ipse
2583 2244 2717 2301 aute

2094 2330 2238 2390 dixit
2262 2331 2354 2390 ei·
2385 2332 2526 2411 quid
2554 2334 2646 2393 uis
2668 2364 2688 2381 ·

2102 2461 2244 2523 dicit
2272 2464 2326 2523 ei
2345 2494 2359 2511 ·
2419 2464 2512 2526 dic
2542 2465 2606 2526 u¹²
2633 2466 2774 2528 sede

2101 2567 2207 2616 ant
2232 2556 2293 2615 hi
2321 2558 2439 2619 duo
2467 2557 2565 2617 filii
2592 2561 2710 2620 mei

2100 2667 2255 2709 unus
2281 2651 2358 2712 ad
2387 2653 2588 2712 dextra

2100 2753 2265 2802 tuam
2292 2755 2351 2804 et
2377 2763 2531 2806 unus
2559 2747 2636 2807 ad

2100 2838 2393 2899 sinistram
2421 2850 2581 2902 tuam

2100 2931 2161 2989 in
2189 2951 2376 3010 regno
2402 2943 2506 2994 tuo
2530 2967 2544 2982 ·

2102 3026 2148 3060 ²²
2166 3026 2563 3105 Respondens
2591 3035 2724 3090 aute

2102 3119 2194 3180 ihs
2221 3121 2368 3181 dixit
2389 3153 2404 3169 ·
2463 3124 2624 3184 nesci

2102 3214 2174 3274 tis
2204 3207 2346 3293 q'uid
2375 3218 2582 3293 petatis

2098 3307 2354 3367 Potestis
2383 3311 2582 3370 bibere

2101 3401 2342 3462 calicem
2363 3420 2540 3479 quem
2569 3423 2685 3483 ego

2098 3496 2378 3555 bibiturus
2407 3516 2538 3557 sum
2561 3531 2576 3546 ·

2100 3589 2224 3648 Aut
2249 3589 2544 3666 baptizma
2571 3592 2725 3672 quod

2855 2069 3061 2112 eorum
3081 2084 3096 2101 ·
3160 2065 3220 2113 et
3246 2057 3348 2134 qui

2855 2147 3212 2207 maioresunt
3239 2166 3322 2226 po

2854 2246 3124 2301 testatem
3153 2254 3433 2305 exercent

2856 2335 2919 2394 in
2945 2336 3030 2395 eis
3047 2366 3062 2383 ·
3104 2336 3149 2371 '⁰
3167 2336 3308 2396 Non
3335 2338 3420 2398 ita

2859 2467 2966 2528 en't
2990 2468 3139 2528 inter
3164 2485 3276 2530 uos
3298 2499 3313 2516 ·

2861 2560 2979 2622 Sed
3007 2563 3398 2640 quicumquae

2857 2655 3104 2714 uoluerit
3130 2655 3280 2716 inter

2857 2767 2966 2808 uos
2995 2749 3181 2808 maior
3209 2749 3331 2810 fieri
3353 2781 3368 2798 ·

2855 2842 2982 2902 Erit
3007 2853 3199 2903 uester
3227 2846 3398 2905 minis

2857 2945 2944 2996 ter
2965 2967 2980 2984 ·
3025 2934 3070 2970 ²⁷
3087 2947 3145 2997 et
3173 2939 3275 3018 qui
3304 2939 3447 3001 uolu

2856 3031 2963 3091 erit
2987 3031 3138 3091 inter
3163 3051 3274 3094 uos

2856 3125 3080 3203 primus
3106 3144 3235 3186 esse
3302 3127 3410 3188 erit

2856 3229 3049 3278 uester
3074 3237 3276 3280 seruus
3298 3253 3314 3268 ·

2854 3309 2899 3346 ¹⁸
2919 3311 3080 3372 Sicut
3107 3313 3256 3374 filius
3284 3313 3448 3375 homi

2852 3407 2947 3467 nis
3015 3424 3140 3466 non
3167 3409 3329 3467 uenit
3353 3408 3438 3468 mi

2854 3501 3078 3560 nisti-ari
3100 3531 3116 3548 ·
3179 3500 3285 3561 sed
3312 3503 3394 3564 mi

2855 3595 3096 3656 nistrare
3114 3626 3129 3642 ·
3192 3606 3252 3654 et
3278 3596 3416 3656 dare

2855 3689 3112 3751 animam
3141 3707 3310 3749 suam
3329 3718 3342 3732 ·
3387 3709 3450 3751 re

2858 3783 3220 3843 demtionem
3246 3803 3356 3863 pro

2857 3878 3056 3938 multis
3079 3909 3094 3926 ·
3115 3905 3198 3932 ,e—
3226 3905 3309 3934 ο·
3336 3907 3419 3937 -ex

3033 3997 3116 4026 „e-
3182 4002 3265 4028 m
3333 4002 3416 4031 ,0-
3473 3973 3832 4040 domilnecallin

2094 4057 2236 4117 dem
2260 4077 2458 4118 meum
2487 4062 2624 4123 bibe
2802 4067 2838 4106 *
2856 4061 2994 4124 ”Et
3021 4067 3336 4144 egredienti
3543 4055 3702 4122 ⁰¹i¹¹²⁰

2095 4151 2167 4210 tis
2186 4178 2200 4192 ·
2261 4162 2320 4212 et
2348 4154 2641 4232 baptizma
2805 4154 2839 4193 *
2857 4159 2968 4219 bus
2995 4161 3079 4221 eis
3105 4163 3182 4222 ab
3211 4163 3354 4224 hieri

2094 4245 2257 4322 quod
2285 4263 2399 4324 ego
2427 4248 2692 4328 baptizor
2803 4251 2839 4291 *
2855 4252 2969 4316 cho
2988 4280 3001 4294 ·
3068 4265 3266 4317 secute
3295 4271 3432 4321 sunt

2801 4346 2836 4386 *
2853 4365 2992 4408 eum
3019 4351 3184 4411 turbe
3213 4353 3424 4416 multae
3449 4387 3464 4405 ·

2089 4433 2139 4485 in
2157 4435 2387 4499 passione
2401 4439 2532 4490 §effi
2552 4456 2789 4496 mat-‚enne

2084 4525 2232 4560 orum
2265 4511 2418 4563 lectio
2453 4517 2701 4582 euangelii
2733 4533 2788 4571 se

2091 4585 2218 4634 cond
2225 4600 2309 4636 um
2334 4595 2572 4641 matteum

1246 3682 1277 3716 *
1293 3683 1339 3718 ¹⁷
1354 3685 1434 3744 Et
1462 3690 1789 3750 ascendens
1817 3693 1907 3753 ihs

1242 3776 1273 3810 ¹⁸²
1290 3779 1677 3860 hierosolyma
1699 3816 1714 3831 ·

1245 3869 1276 3903 *
1292 3872 1573 3936 adsumsit
1598 3877 1789 3939 duode

1244 3964 1275 3998 *
1294 3967 1411 4026 cim
1438 3967 1753 4048 discipulos
1781 3991 1845 4033 se

1246 4057 1275 4092 *
1294 4079 1496 4120 orsum
1529 4063 1589 4122 in
1616 4065 1813 4126 itinere
1852 4099 1867 4114 ·

1292 4164 1351 4213 et
1379 4155 1457 4214 ait
1485 4156 1594 4216 inis
1618 4189 1631 4206 ·
1694 4159 1853 4220 Ecce

1289 4249 1335 4282 ¹⁸
1352 4251 1719 4314 ascendimus
1746 4255 1907 4319 hiero

540 3679 734 3740 narios
756 3713 771 3728 ·
814 3682 859 3718 ¹⁰
874 3685 1089 3744 uenien

537 3782 625 3832 tes
652 3784 847 3834 autem
874 3778 1044 3854 primi
1066 3809 1081 3824 ·

538 3865 793 3928 arbitrati
825 3881 959 3930 sunt
980 3901 995 3918 ·

538 3959 700 4037 quod
728 3962 859 4038 plus
884 3973 1079 4024 essent

539 4056 833 4131 accepturi
855 4087 870 4102 ·
929 4067 988 4116 et
1015 4077 1085 4118 ac

538 4160 820 4225 ceperunt
846 4161 903 4211 et
930 4152 1042 4229 ipsi

538 4241 794 4320 singulo·
820 4244 1089 4308 denarios
1119 4278 1137 4297 ο

2100 3700 2216 3759 ego
2246 3684 2509 3761 baptizor
2535 3687 2654 3765 bap

2100 3775 2290 3834 tizari·
2336 3777 2539 3838 dicunt
2566 3781 2621 3840 ei

2098 3887 2384 3947 posumus
2442 3870 2487 3905 ¹³
2504 3883 2561 3932 et
2589 3874 2730 3936 dicit

2095 3965 2179 4023 eis
2255 3966 2494 4026 calicem
2522 3969 2622 4046 qui

3157 4603 3275 4666 ra·
