4373 5048
729 352 809 435 78
2065 358 2342 423 SECD·
3311 368 3432 436 [111.
3457 373 3650 437 25-1v.
3677 384 3760 437 23.

1486 524 1525 584 †
1556 522 1817 576 domineca
1840 524 1889 575 in
1906 532 2059 593 caput

1548 590 1938 656 quadrageseme

458 715 582 764 τοι.
606 715 699 766 08.
723 697 825 778 qui
854 696 901 758 fr
924 728 939 745 ·
981 714 1164 758 naum
1186 726 1201 742 ·
1252 695 1353 773 qui
1382 694 1427 754 fs
1484 689 1640 769 ”qui
1670 692 1775 751 suit
1802 694 2125 755 matusalae

722 793 861 855 esli·
932 793 1034 871 qui
1066 790 1111 849 ss
1144 808 1411 867 naggae·
1483 787 1583 861 qui
1605 784 1653 844 ss
1682 804 1865 846 enoc·
1911 788 2011 865 qui
2039 788 2087 848 fs

722 886 879 966 “qui
896 887 1002 946 fuit
1015 884 1243 945 maath·
1265 883 1425 962 quifs
1484 880 1627 939 iaret
1648 911 1663 927 ·
1723 881 1825 957 qui
1854 880 1898 939 fs
1929 874 2083 942 male

722 980 1060 1041 mattathiae
1084 1011 1099 1026 ·
1162 978 1265 1056 qui
1294 977 1323 1035 f
1322 996 1343 1035 5
1481 973 1647 1035 lehec
1666 1006 1679 1021 ·
1745 977 1846 1053 qui
1876 975 1919 1035 fs
1952 978 2161 1038 cainan

724 1076 907 1137 semei
930 1106 943 1121 ·
996 1074 1095 1153 qui
1118 1072 1163 1131 fs
1188 1070 1394 1148 ioseph
1414 1102 1429 1118 ·
1481 1066 1865 1144 ”quissenos·
1891 1071 1991 1148 qui
2010 1071 2051 1129 fs
2073 1082 2186 1132 set·

723 1170 825 1249 qui
837 1168 1046 1228 fsiuda·
1060 1164 1274 1245 -'⁷quis5
1292 1166 1427 1224 ione
1440 1198 1453 1211 ·
1483 1162 1640 1238 quisx
1653 1163 1827 1221 adam
1840 1194 1855 1209 ·
1884 1164 1986 1241 qui
2004 1164 2045 1223 fs
2061 1166 2230 1224 diae*

723 1266 827 1343 qui
854 1263 901 1322 fr
930 1280 1093 1322 resae
1113 1292 1128 1307 ·
1188 1261 1287 1339 qui
1316 1258 1363 1319 fs
1428 1257 1459 1291 *
1476 1262 1539 1317 4.
1570 1255 1589 1289 ¹
1608 1254 1721 1315 His
1750 1267 1945 1317 autem
1980 1261 2190 1336 plenus

726 1357 1042 1419 zorobabel
1064 1388 1079 1403 ·
1139 1356 1241 1433 qui
1267 1353 1315 1413 ss
1428 1349 1459 1386 ‘¹
1480 1356 1593 1427 spu
1622 1358 1727 1409 sco
1752 1383 1765 1397 ·
1830 1369 2099 1414 reuersus

725 1451 987 1513 salathiel
1008 1481 1021 1498 ·
1052 1451 1152 1529 qui
1181 1448 1229 1507 fs
1253 1447 1376 1507 neri
1396 1480 1412 1495 ·
1432 1446 1463 1480 ”¹
1482 1456 1573 1506 est
1600 1446 1677 1503 ab
1706 1445 1948 1506 iordane
1971 1479 1986 1495 ·
2050 1458 2111 1508 et

724 1545 887 1626 ¹‘'qui
910 1546 955 1605 fs
980 1544 1193 1605 melchi
1212 1575 1225 1589 ·
1261 1543 1362 1621 qui
1384 1542 1430 1601 ss
1484 1540 1770 1617 agebatur
1798 1541 1858 1598 in
1889 1546 2001 1617 spu
2030 1542 2091 1601 in

724 1642 861 1701 addi
881 1673 894 1688 ·
954 1641 1055 1718 qui
1087 1638 1128 1697 ss
1163 1654 1341 1697 cosae
1359 1668 1376 1683 ·
1483 1634 1714 1694 deserto
1738 1664 1753 1680 ·
1803 1632 2041 1695 'diebus
2070 1653 2189 1714 qua

725 1736 827 1813 qui
854 1735 899 1794 fs
932 1733 1227 1793 elmodam
1248 1762 1263 1777 ·
1481 1727 1749 1804 draginta
1778 1736 2001 1804 tempta

726 1830 827 1908 qui
850 1828 894 1887 fs
917 1847 980 1888 er
998 1859 1041 1874 ··
1072 1823 1218 1904 ”qui
1236 1824 1281 1883 fs
1304 1824 1431 1884 iose
1480 1822 1649 1880 batur
1676 1839 1713 1880 a
1742 1821 1979 1881 diabolo
1998 1852 2013 1868 ·

720 1924 825 2002 qui
852 1921 897 1981 fs
928 1922 1135 1981 eliezer
1164 1951 1179 1967 ·
1251 1919 1351 1997 qui
1376 1917 1425 1975 fx
1479 1913 1557 1973 Et
1586 1914 1729 1973 nihil
1760 1914 2139 1975 manducauit

724 2017 900 2077 iorim
922 2046 939 2063 ·
1003 2014 1105 2091 qui
1133 2012 1243 2071 suit
1478 2008 1689 2068 diebus
1707 2008 1819 2067 illis
1843 2039 1858 2054 ·
1919 2008 1999 2066 Et
2026 2026 2143 2069 con

722 2109 989 2169 matthan
1014 2138 1027 2153 ·
1092 2106 1193 2184 qui
1222 2103 1250 2162 f
1250 2124 1269 2163 ς
1478 2102 1784 2161 summatis
1812 2102 1923 2161 illis
1950 2119 2065 2179 pos

725 2203 869 2264 leui·
900 2200 1054 2278 ”qui
1076 2199 1119 2258 fs
1145 2216 1389 2276 symeon
1410 2228 1427 2245 ·
1478 2204 1573 2255 tea
1600 2188 1833 2255 esuriit⁸·
1892 2196 2009 2255 ⁸Et
2040 2196 2183 2255 dixit

722 2297 826 2376 qui
854 2295 898 2355 fs
930 2294 1101 2353 iudae
1120 2324 1135 2339 ·
1192 2292 1294 2368 qui
1322 2291 1369 2350 fs
1476 2288 1557 2348 illi
1584 2289 1854 2349 diabolus
1882 2290 1933 2349 si
1962 2290 2113 2349 filius

721 2391 929 2467 ioseph
949 2420 964 2436 ·
1025 2387 1125 2466 qui
1146 2387 1193 2445 fs
1216 2387 1390 2445 ionae
1410 2417 1425 2433 ·
1478 2384 1537 2443 di
1564 2402 1629 2444 es
1712 2382 1807 2443 dic
1835 2384 2031 2461 lapide
2059 2383 2141 2443 hu

718 2484 822 2566 qui
850 2484 895 2544 fs
926 2482 1155 2542 eliacim
1177 2511 1193 2529 ·
1476 2477 1531 2538 ic
1559 2488 1622 2538 ut
1650 2477 1751 2537 fiat
1776 2478 1947 2556 panis

2297 710 2417 752 non
2447 694 2759 771 temptabis
2787 692 2932 753 dnm
3053 692 3165 755 Die
3195 695 3420 755 sabbati
3448 694 3510 754 in
3538 712 3686 773 syna
3779 702 3908 753 ποι.
3929 700 4030 751 0⁴..

2295 787 2396 845 ἀῶ
2421 798 2585 846 tuum
2605 820 2618 835 ·
2640 820 2655 835 ·
2677 820 2692 835 ·
2711 787 2819 847 “Et
2837 788 3002 847 duxit
3052 808 3276 867 gogam
3299 822 3312 837 ·
3373 798 3432 850 et
3461 808 3661 850 surrex

2293 881 2454 939 illum
2484 881 2754 942 diabolus
2781 884 2844 941 in
3051 884 3125 943 sit
3155 884 3348 960 legere
3371 916 3386 930 ·
3445 884 3489 917 ¹⁷
3505 892 3564 943 et
3585 884 3756 943 datus

2293 986 2560 1034 montem
2587 976 2874 1035 excelsu·-
2893 1005 2909 1024 ·
3049 988 3139 1036 est
3165 977 3246 1036 illi
3273 977 3416 1037 liber
3441 976 3610 1055 profe

2293 1078 2352 1127 et
2377 1070 2635 1129 ostendit
2661 1070 2740 1129 illi
2769 1087 2872 1129 om
3049 1071 3163 1130 tiae
3190 1071 3383 1130 esaiae
3465 1082 3524 1131 et
3551 1080 3616 1131 ut

2293 1162 2390 1222 nia
2417 1181 2599 1237 regna
2626 1164 2782 1223 orbis
2811 1172 2898 1223 ter
3047 1164 3297 1224 reuoluit
3321 1164 3532 1223 librum
3555 1196 3570 1211 ·

2293 1272 2388 1314 rae
2418 1256 2478 1313 in
2507 1266 2812 1315 momento
2845 1262 2903 1316 ιδ
3049 1256 3286 1317 Inuenit
3312 1257 3511 1316 locum
3537 1255 3641 1318 ubi

2294 1350 2455 1425 poris
2477 1380 2492 1395 ·
2534 1350 2554 1383 ⁸
2571 1349 2650 1409 Et
2673 1350 2753 1410 ait
2780 1349 2854 1409 ad
2885 1350 2923 1409 il
3047 1352 3326 1427 scriptum
3355 1361 3478 1410 erat
3531 1352 3574 1386 ¹⁸
3589 1355 3694 1427 sps

2293 1442 2410 1501 lum
2443 1442 2708 1503 diabolus
2732 1473 2746 1490 ·
2810 1442 2914 1503 tibi
3047 1489 3063 1517 ,
3082 1444 3184 1503 dni
3213 1461 3388 1520 super
3415 1462 3511 1503 me
3530 1474 3545 1490 ·
3587 1455 3728 1523 pr⁰p

2289 1536 2447 1595 dabo
2480 1546 2832 1614 potestatem
3043 1581 3060 1611 ,
3079 1546 3236 1597 terea
3261 1538 3430 1596 unxit
3453 1555 3550 1596 me
3577 1556 3612 1597 e

2291 1629 2444 1689 hanc
2471 1631 2805 1691 uniuersam
2826 1662 2843 1678 ·
3047 1674 3063 1705 ,
3081 1632 3446 1709 uangelizare
3473 1633 3702 1709 pauperi

2292 1734 2350 1784 et
2377 1724 2625 1799 gloriam
2655 1724 2824 1783 illorii
2845 1756 2862 1771 ·
3045 1770 3062 1797 ,
3082 1726 3192 1785 bus
3212 1757 3227 1772 ·
3269 1727 3426 1785 misit
3453 1744 3550 1785 me
3589 1724 3750 1804 ¹⁰pre

2290 1819 2428 1896 quia
2455 1818 2599 1877 mihi
2627 1818 2835 1877 tradita
3055 1820 3276 1892 ,dicare
3304 1820 3548 1897 captiuis
3575 1838 3638 1879 re

2291 1921 2426 1971 sunt
2448 1942 2463 1958 ·
2521 1911 2601 1971 Et
2629 1914 2722 1972 cui
2751 1910 2890 1972 uolo
3045 1914 3458 1985 ,missionem·
3501 1924 3560 1974 et
3587 1932 3693 1975 cae

2290 2004 2368 2064 do
2397 2005 2494 2064 illa
2512 2036 2528 2053 ·
2591 2005 2614 2038 ⁷
2631 2015 2694 2064 tu
2722 2022 2866 2082 ergo
2895 2004 2946 2063 si
3043 2052 3059 2077 ,
3078 2008 3166 2067 cis
3191 2009 3384 2067 uisum
3403 2039 3418 2054 ·
3477 2008 3648 2068 remit

2289 2099 2600 2175 procidens
2623 2130 2640 2147 ·
2699 2099 2884 2158 adora

2287 2193 2441 2253 ueris
2467 2202 2602 2253 ante
2629 2212 2726 2253 me
2749 2226 2764 2241 ·

2287 2297 2456 2345 erunt
2484 2297 2582 2347 tua
2608 2290 2812 2349 omnia
2831 2322 2846 2337 ·

2285 2380 2307 2413 ⁸
2325 2379 2402 2439 Et
2429 2382 2793 2458 respondens
2826 2383 2972 2443 dixit

2290 2474 2369 2534 illi
2398 2474 2486 2536 ihs
2506 2506 2521 2522 ·
2579 2474 2752 2537 Uade
2778 2489 2933 2539 retro

3046 2146 3062 2173 ,
3081 2112 3202 2160 tere
3231 2101 3568 2163 confractos

3044 2237 3060 2268 ,
3077 2196 3138 2253 in
3167 2196 3600 2255 remissionem·

3043 2334 3060 2362 ,
3074 2290 3410 2365 praedicare
3433 2306 3658 2349 annum

3039 2427 3055 2454 ,
3075 2383 3174 2441 dni
3203 2392 3510 2460 acceptum
3537 2394 3594 2443 et

3038 2521 3054 2549 ,
3073 2476 3227 2536 diem
3253 2476 3578 2538 redditionis
3599 2508 3616 2523 ·

3039 2605 3772 2686 ”Etcumplicuissetlibrii

3041 2701 3286 2761 reddidit
3314 2703 3577 2762 ministro

2288 2625 2386 2666 me
2416 2617 2647 2668 satanas
2669 2640 2684 2656 ·
2744 2611 2964 2688 scriptu

2289 2711 2378 2761 est
2406 2703 2564 2760 enim
2638 2703 2781 2762 dnm
2804 2704 2904 2763 ἀῶ
2931 2711 2991 2764 tu

2289 2795 2562 2856 adorabis
2617 2807 2676 2856 et
2693 2797 2772 2856 illi
2801 2799 2910 2858 soli

2289 2889 2507 2949 seruies
2528 2920 2545 2936 ·
2608 2889 2652 2922 ¹⁸
2669 2891 2747 2950 Et
2775 2897 2964 2952 consii

2287 2993 2446 3041 mata
2472 2984 2638 3043 omni
2667 2995 2889 3062 tempta

2287 3077 2448 3135 tione
2472 3107 2487 3123 ·
2551 3075 2818 3138 diabolus
2844 3097 2909 3138 re

2287 3170 2461 3229 cessit
2489 3171 2565 3229 ab
2594 3170 2693 3230 illo
2721 3189 2909 3250 usque

2285 3263 2362 3323 ad
2389 3273 2622 3343 tempus
2643 3289 2726 3318 „a
2747 3291 2829 3316 m

2247 3356 2326 3394 *¹⁴
2343 3356 2420 3416 Et
2449 3375 2716 3419 reuersus
2743 3370 2832 3421 est
2859 3359 2950 3421 ihs

2249 3452 2346 3510 *in
2373 3451 2584 3512 uirtute
2615 3457 2716 3530 sps
2743 3454 2806 3512 in

2250 3545 2556 3622 *galileam
2580 3577 2595 3593 ·
2645 3557 2704 3606 et
2733 3547 2893 3608 sama

2286 3639 2425 3700 exiit
2449 3672 2462 3686 ·
2506 3659 2612 3717 per
2638 3642 2962 3702 uniuersa·-

718 2617 761 2651 ⁸¹
780 2617 881 2696 qui
898 2615 943 2675 ss
969 2614 1191 2674 meleae
1211 2643 1226 2659 ·
1258 2612 1422 2690 quifs
1476 2607 1584 2668 ‘Et
1600 2609 1905 2686 respondit
1922 2609 1999 2670 ad
2021 2599 2183 2669 illum

718 2729 963 2772 menan·
986 2710 1088 2788 qui
1106 2707 1149 2767 fs
1170 2705 1457 2766 mattatha
1478 2703 1569 2763 ihs
1596 2713 1654 2763 et
1682 2703 1827 2763 dixit
1846 2734 1861 2750 ·
1924 2705 2143 2780 scriptu

718 2807 823 2886 qui
841 2805 882 2864 fs
909 2813 1133 2863 mattan
1158 2833 1173 2848 ·
1230 2801 1398 2879 quiss
1478 2807 1569 2857 est
1650 2797 1929 2874 quianon
1948 2797 2006 2855 in
2029 2815 2183 2874 pane

719 2901 896 2963 dauid
920 2933 935 2948 ·
992 2895 1037 2932 ³²
1053 2897 1154 2975 qui
1179 2895 1206 2954 f
1206 2916 1223 2954 ς
1257 2897 1407 2954 iesse
1479 2891 1609 2950 solo
1636 2893 1797 2951 uiuet
1825 2891 2009 2951 homo
2066 2890 2185 2951 Sed

717 2997 819 3076 qui
830 2995 871 3054 fx
885 2993 1090 3054 obeth·
1112 2991 1213 3069 qui
1229 2988 1273 3049 ss
1286 2989 1463 3060 booz,
1482 2985 1540 3043 in
1569 2985 1735 3044 omni
1763 2985 1948 3044 uerbo
1976 2983 2067 3043 di·

698 3090 820 3169 'qui
838 3088 885 3148 fr
911 3086 1140 3148 salmon
1158 3116 1173 3132 ·
1217 3085 1318 3162 qui
1344 3082 1391 3142 fs
1476 3077 1928 3138 ’Etduxitillum
1946 3078 2183 3138 inhieru

718 3199 970 3244 nasson·
998 3179 1143 3257 ”qui
1160 3176 1207 3237 ss
1228 3178 1427 3236 amina
1477 3173 1662 3232 salem
1690 3183 1748 3232 et
1770 3173 1969 3232 statuit
1996 3183 2122 3232 eu‘·

721 3277 841 3337 dab
859 3307 874 3322 ·
933 3273 1034 3352 qui
1062 3273 1108 3330 fs
1140 3289 1301 3330 aram
1324 3301 1339 3318 ·
1476 3283 1655 3343 super
1682 3267 1930 3343 pinnam
1959 3271 2015 3326 te

722 3371 823 3448 qui
849 3368 895 3429 ss
928 3384 1123 3428 esrom
1142 3396 1157 3412 ·
1218 3364 1319 3442 qui
1348 3362 1394 3422 fs
1473 3359 1557 3437 pli
1584 3370 1641 3421 et
1670 3359 1815 3418 dixit
1842 3359 1924 3417 illi
1942 3391 1957 3407 ·
2006 3359 2055 3419 si
2083 3359 2165 3419 fili

722 3465 873 3525 fares
892 3494 908 3511 ·
973 3461 1073 3539 qui
1102 3459 1147 3518 fs
1181 3456 1354 3517 iudae
1474 3471 1546 3512 us
1574 3471 1639 3512 es
1657 3453 1718 3512 di
1771 3453 1937 3512 mitte
1964 3464 2022 3514 te
2043 3454 2181 3514 hinc

721 3557 879 3636 “qui
899 3555 943 3615 fs
970 3553 1139 3613 iacob
1158 3583 1174 3598 ·
1218 3551 1321 3628 qui
1349 3549 1393 3608 fs
1477 3546 1753 3606 deorsum
1777 3577 1791 3593 ·
1856 3543 1900 3578 ²⁰
1916 3547 2072 3623 scrip

708 3653 907 3725 isaac·
928 3647 1105 3726 quifs·
1124 3644 1423 3704 abraham·
1474 3650 1603 3700 tum
1632 3650 1721 3701 est
1747 3641 1908 3700 enim
1936 3640 2101 3718 quod

3041 2805 3100 2855 et
3128 2795 3278 2854 sedit
3295 2827 3310 2842 ·
3369 2807 3428 2855 et
3456 2797 3660 2856 omniu

3039 2889 3200 2949 oculi
3225 2889 3287 2947 in
3315 2908 3620 2968 synagoga

3039 2993 3205 3042 erant
3230 2983 3604 3044 intendentes

3038 3078 3100 3134 in
3128 3094 3265 3136 eum
3285 3109 3300 3124 ·
3367 3073 3411 3108 ¹¹
3431 3077 3640 3154 Coepit
3665 3094 3746 3137 au

3038 3179 3156 3230 tem
3185 3171 3376 3230 dicere
3405 3169 3482 3229 ad
3509 3170 3636 3230 illos
3655 3201 3670 3217 ·

3040 3264 3172 3342 quia
3205 3263 3377 3323 hodie
3405 3264 3644 3342 impleta

3039 3369 3127 3417 est
3159 3357 3306 3417 haec
3335 3359 3620 3436 scriptura

3039 3451 3100 3509 in
3128 3453 3363 3511 auribus
3391 3453 3596 3512 uestn's
3615 3483 3630 3500 ·

3035 3541 3164 3604 „Et
3181 3565 3389 3606 omnes
3407 3547 3746 3608 testimoniii

3037 3639 3358 3700 reddebant
3383 3641 3460 3699 illi
3485 3671 3500 3687 ·
3562 3641 3642 3701 Et

3036 3735 3396 3794 mirabantur
3422 3735 3482 3794 in
3510 3754 3616 3794 uer

721 3745 825 3823 qui
850 3744 897 3804 fs
928 3742 1091 3801 thare
1114 3771 1127 3786 ·
1152 3770 1167 3786 ·
1225 3739 1328 3816 qui
1358 3736 1401 3796 fs

721 3838 971 3898 nachor·
992 3834 1139 3913 ⁸³qui
1156 3833 1203 3892 fs
1217 3831 1451 3892 seruch·

726 3933 829 4013 qui
858 3931 902 3990 ss
933 3947 1112 4006 ragau
1132 3959 1147 3974 ·
1190 3927 1293 4004 qui
1321 3925 1364 3986 fs

720 4026 932 4107 phalec
953 4056 966 4071 ·
1012 4023 1113 4101 qui
1142 4021 1184 4081 ss
1217 4021 1356 4080 eber
1378 4051 1394 4066 ·

721 4123 825 4202 qui
850 4120 896 4182 fs
930 4119 1121 4180 salae·
1181 4115 1228 4149 ⁸⁸
1242 4114 1343 4192 qui
1366 4114 1411 4173 fs

720 4219 961 4280 cainan·
993 4212 1093 4291 qui
1110 4210 1153 4269 ss
1176 4208 1428 4268 arfaxat·

721 4313 824 4390 qui
850 4308 958 4368 suit
984 4325 1111 4371 sem
1132 4335 1145 4352 ·
1190 4305 1291 4382 qui
1318 4302 1363 4362 fs

723 4424 839 4466 noe
861 4437 875 4452 ·
920 4402 1019 4481 qui
1049 4399 1093 4458 fs
1127 4399 1349 4458 lamec·

1476 3735 1701 3812 angelis
1729 3734 1851 3794 suis
1878 3735 2097 3794 manda

1472 3830 1558 3888 uit
1585 3828 1659 3888 de
1686 3837 1743 3888 te
1772 3838 1836 3888 ut
1863 3828 2093 3889 custodi
2120 3897 2133 3904 -

1480 3932 1581 3981 ant
1598 3931 1654 3981 te
1666 3953 1681 3968 ·
1720 3921 1762 3954 ¹¹
1774 3933 1832 3982 et
1848 3923 1986 4000 quia
2003 3923 2064 3980 in
2082 3941 2181 3982 ma

1478 4017 1651 4075 nibus
1678 4015 1885 4075 tollent
1911 4025 1969 4076 te

1480 4127 1555 4168 ne
1583 4109 1731 4170 forte
1759 4109 2031 4170 offendas

1476 4221 1513 4262 a
1532 4203 1785 4280 lapidem
1816 4203 1963 4279 pede
1992 4213 2162 4262 tau-'-

1476 4293 1603 4356 ι’Ἔι
1626 4296 1991 4373 respondens
2019 4297 2163 4356 dixit

1474 4391 1553 4451 illi
1580 4390 1669 4450 ihs
1692 4421 1706 4438 ·
1751 4390 1969 4467 scripti}
1998 4401 2087 4451 est

2284 3734 2590 3809 regionem
2619 3734 2694 3794 de
2725 3735 2822 3795 illo
2841 3767 2854 3782 ·

2283 3825 2330 3860 ¹⁶
2337 3825 2414 3886 Et
2431 3829 2555 3905 ipse
2575 3829 2826 3889 docebat
2842 3829 2904 3888 in
2921 3847 2988 3907 sy

2285 3923 2457 3998 nagis
2479 3940 2683 3982 eorum
2705 3955 2720 3969 ·
2749 3923 2830 3983 Et
2847 3940 2988 3999 mag

2284 4017 2710 4076 nificabaturab
2719 4019 3016 4078 omnibus·

2283 4108 2326 4144 ¹⁸
2343 4110 2420 4169 Et
2448 4113 2609 4171 uenit
2635 4112 2910 4171 nazareth
2930 4143 2945 4159 ·

2281 4206 2381 4264 ubi
2412 4215 2535 4265 erat
2604 4207 2850 4265 nutritus
2872 4236 2887 4253 ·

2281 4308 2341 4358 et
2367 4299 2600 4358 intrauit
2627 4299 2888 4360 secundi!

2281 4393 2770 4454 consuetudinem
2793 4405 2947 4453 sua-

3037 3827 3128 3888 bis
3154 3830 3375 3904 gratiae
3403 3847 3520 3907 que
3548 3848 3658 3906 pro

3037 3922 3326 3980 cedebant
3346 3920 3420 3982 de
3447 3940 3549 3984 ore
3578 3924 3640 4001 ip

3037 4015 3157 4075 sius
3199 4015 3278 4075 Et
3306 4015 3578 4077 dicebant

3038 4127 3240 4170 nonne
3266 4109 3362 4171 hic
3390 4122 3479 4171 est
3505 4111 3657 4172 filius

3039 4203 3247 4281 ioseph
3272 4236 3285 4251 ·
3335 4203 3380 4237 ’ὧ
3395 4206 3473 4264 Et
3491 4208 3570 4264 ait
3591 4205 3702 4266 illis
3719 4237 3738 4258 ο

3037 4299 3274 4375 utiquae
3305 4298 3506 4359 dicetis
3533 4300 3678 4358 mihi

3037 4391 3188 4452 hanc
3217 4393 3588 4454 similitudine
