4373 5048
1052 484 1300 548 RELA
1316 484 1414 548 TI
1416 485 1548 550 ΟΝ
1577 483 1700 546 oF
1719 505 1766 568 q
1803 484 1914 548 To
1949 483 2269 546 OTHER
2308 484 2636 548 OLD-LA
2653 486 2826 549 TIN
2853 487 3165 550 TEXTS.
3361 486 3510 550 xlix

804 656 1048 718 Selected
1059 658 1325 734 readings
1349 658 1472 717 and
1483 658 1816 734 rendering-5
1836 659 1897 716 in
1917 656 2104 716 which
2208 654 2451 717 Selected
2468 659 2735 735 readings
2760 659 2882 717 and
2891 659 3222 736 renderings
3243 659 3303 718 in
3322 655 3510 717 which

1047 755 1078 816 f
1097 773 1139 835 q
1165 757 1330 836 deffer
1330 756 1506 836 from
1531 757 1664 818 each
1690 756 1862 818 other.
2451 754 2482 814 f
2494 775 2537 834 q
2554 775 2655 817 are
2673 758 2880 834 agreed
2890 758 3125 834 against
3146 756 3301 818 other
3314 754 3509 816 Euro-

803 853 980 914 Mark
1007 855 1062 914 ii.
2165 889 2171 894 ·
2437 866 2589 933 pean
2614 861 2781 916 texts.

848 970 942 1012 π.
1129 951 1390 1030 alioquin
1486 952 1790 1031 dirrumpit
1895 953 2102 1012 uinum
2251 972 2279 1012 2
2292 970 2341 1011 2.
2384 962 2442 1012 et
2472 954 2675 1016 uinum
2716 953 3043 1015 effundetur
3084 963 3143 1017 et
3175 964 3331 1014 utres
3357 952 3509 1030 peri·

1207 1069 1433 1113 nouum
1458 1061 1614 1113 utres
1641 1061 1867 1114 ueteres
1893 1072 1936 1111 e.
2614 1052 2834 1130 buntf
2842 1073 2878 1130 q
2904 1052 3038 1112 Am.
3068 1047 3451 1135 (effunditur).

1124 1151 1382 1230 alioquin
1408 1160 1750 1230 rumpentur
1775 1161 1930 1210 utres
1948 1171 2002 1209 a.
2491 1150 2760 1210 etuinum
2776 1160 2836 1212 et
2844 1160 2999 1211 utres
3006 1151 3281 1230 peribunt
3300 1149 3461 1209 abde
3469 1151 3509 1210 ι’.

1123 1267 1198 1310 ne
1259 1249 1551 1330 dirumpat
1611 1250 1816 1312 uinum
1878 1267 2102 1312 nouum
2390 1248 2493 1308 sed
2588 1249 2795 1309 uinum
2884 1267 3109 1309 nouum
3200 1249 3263 1310 in
3346 1257 3509 1309 utres

1202 1348 1438 1426 utresjl
2612 1365 2804 1408 nouos
2829 1346 3177 1410 mittendum
3203 1356 3293 1410 est
3317 1365 3355 1425 9
3374 1347 3508 1406 Am.

2610 1441 2783 1528 (mitti
2813 1444 3027 1526 debet).

2486 1543 2591 1604 sed
2658 1543 2861 1604 uinum
2922 1561 3147 1604 nouum
3217 1544 3280 1604 in
3349 1552 3507 1604 utres

2608 1660 2801 1703 nouos
2826 1641 3059 1702 mittunt
3078 1652 3137 1702 et
3163 1642 3343 1702 ambo
3364 1659 3506 1702 con-

2607 1751 2907 1804 seruantur
2932 1761 2959 1800 e
2986 1737 3341 1823 (serbantur)
3353 1739 3425 1819 JI

841 1835 936 1892 23.
979 1835 1085 1894 per
1111 1815 1784 1895 segetesbq3-emae.
2487 1839 2840 1898 (naahas,

1119 1934 1227 1994 per
1253 1925 1380 1976 sata
1406 1916 1517 1994 df
1527 1919 1558 1976 i
1573 1917 1704 1976 Am.

841 2032 934 2088 ²4·
975 2033 1078 2074 om.
1106 2015 1374 2092 discipuli
1401 2016 1481 2074 tui
1507 2036 1536 2074 e
1561 2035 1597 2092 q
1624 2015 1757 2074 Am.

976 2211 988 2225 ¹
1120 2115 1227 2226 irs-¹·-
1254 2113 1520 2192 discipuli
1545 2115 1630 2174 tui
1657 2134 1696 2174 ‘1
1725 2114 1758 2174 ὖ
1783 2114 1893 2193 df
1903 2117 1941 2174 ί·
2250 2139 2339 2196 26.
2386 2123 2495 2198 sub
2514 2135 2775 2198 abiathar
2794 2135 3118 2216 principem
3140 2135 3507 2198 sacerdomm

801 2229 806 2233 ·
841 2213 933 2272 26.
973 2220 1208 2272 mtrault
1235 2212 1268 2271 b
1295 2231 1346 2288 q.
2607 2255 2643 2313 q
2668 2236 2803 2294 Am.
2834 2233 3159 2315 (principe).

1118 2310 1376 2371 imminit
1391 2307 1563 2392 ΗΜ»
1583 2307 1697 2392 ·iit)
1719 2329 1757 2370 a
1772 2311 1816 2370 d
1824 2311 1916 2389 ‘s
1925 2311 2098 2371 ‘'Am·
2202 2397 2213 2406 ,
2528 2335 2639 2394 sub
2667 2333 2926 2394 abiathar
2952 2333 3317 2397 sacerdotem
3326 2335 3397 2411 f.

2526 2451 2633 2492 om.
2661 2452 2699 2492 a
2728 2432 2761 2492 b
2788 2431 2833 2490 d
2852 2451 2879 2490 e
2907 2433 2946 2492 ι’.

2388 2532 2581 2593 order:
2608 2540 2669 2591 et
2684 2531 2845 2591 dedit
2860 2530 2962 2603 eia,
2981 2537 3092 2603 etc„
3110 2529 3265 2609 cfier
3280 2545 3433 2607 quos
3456 2573 3468 2588 .
3490 2574 3502 2587 .

2609 2628 3007 2690 sacerdotibus
3010 2628 3079 2710 s
3089 2646 3125 2705 9
3150 2626 3283 2687 Am.

2526 2738 2584 2789 et
2632 2727 2813 2802 dedit,
2860 2734 2972 2802 etc„
3032 2727 3215 2805 before
3266 2742 3418 2803 quos
3446 2768 3460 2785 .
3493 2769 3506 2784 .

2608 2825 3007 2887 sacerdotibus
3035 2844 3073 2884 a
3102 2824 3135 2884 b
3161 2825 3206 2883 d
3224 2844 3252 2883 e
3278 2826 3315 2881 i.

2249 2942 2341 3001 27.
2383 2932 2442 2986 et
2490 2922 2722 2984 dicebat
2762 2924 2871 2984 illis
2920 2925 3230 2985 sabbatum
3270 2931 3510 3002 propter

2605 3022 2911 3083 hominem
2966 3022 3185 3083 sactum
3238 3030 3328 3081 est
3381 3037 3507 3081 non

2606 3120 2788 3181 homo
2809 3128 3051 3201 propter
3079 3120 3387 3182 sabbatum
3394 3117 3460 3195 s
3470 3137 3508 3195 9

2602 3218 2736 3277 Am.

2526 3316 2866 3377 dicoautem
2876 3315 3048 3379 uobis
3057 3315 3195 3395 quia
3205 3315 3507 3388 sab.,etc.,b.

2525 3434 2627 3475 om.
2656 3416 2744 3475 the
2770 3434 2922 3475 verse
2947 3434 2986 3475 a
3012 3414 3057 3472 d
3075 3435 3103 3473 e
3131 3417 3167 3473 i.

2250 3515 2343 3571 28.
2386 3512 2578 3591 itaque
2620 3512 2897 3573 dominus
2938 3520 3025 3572 est
3064 3510 3213 3572 filius
3253 3508 3511 3570 hominia

2584 3611 2653 3688 f
2663 3629 2700 3688 q
2728 3612 2862 3671 Am.

2527 3708 2663 3770 dico
2732 3719 2929 3769 autem
2988 3707 3159 3769 uobis
3229 3707 3511 3786 quoniam

2625 3807 2779 3869 filius
2814 3806 3070 3868 hominis
3107 3804 3382 3866 dominus
3422 3814 3513 3865 est

2606 3926 2644 3966 a
2671 3924 2716 3980 e,
2740 3903 2940 3984 (etiam
2960 3901 3098 3987 dfis)
3120 3907 3157 3964 ι’.

2526 4005 2580 4065 d.
2638 4022 2689 4065 a.
2750 4022 2804 4064 u.
2868 4002 3144 4064 dominus
3206 4010 3297 4061 est
3358 3998 3511 4060 filius

2604 4103 2863 4165 hominis
2890 4104 2943 4163 d.

2523 4202 2660 4281 quia
2678 4201 2951 4264 dominus
2972 4210 3058 4264 est
3082 4200 3236 4263 filius
3253 4198 3509 4261 hominis

2605 4303 2654 4362 b.
