4373 5048
777 380 899 427 100

466 543 592 593 rol.
612 545 731 597 187·
770 540 816 573 ¹⁰
829 552 888 601 et
915 560 1026 603 uos
1055 560 1192 602 cum
1221 540 1396 603 feceri

770 636 843 695 tis
872 636 1073 696 omnia
1098 654 1252 713 quae

768 738 1047 806 precepta
1075 740 1210 789 sunt
1235 747 1316 789 uo

767 823 862 882 bis
943 823 1144 883 dicetis
1167 855 1184 870 ·
1227 841 1320 883 ser

767 917 827 975 ui
856 918 1088 976 inutiles
1115 934 1317 977 sumus

769 1010 930 1087 quod
959 1010 1266 1071 debuimus

767 1104 959 1165 facere
988 1105 1228 1165 fecimus
1248 1132 1333 1160 ψ

897 1226 983 1251 §.0⁵
1144 1226 1229 1254 Ψ

711 1290 740 1323 *
765 1292 810 1325 ¹¹
827 1292 904 1353 Et
931 1292 1150 1354 sactum
1176 1305 1266 1355 est

711 1385 740 1418 '¹'
765 1388 908 1448 dum
937 1389 1044 1449 iret
1069 1389 1200 1449 him

711 1478 740 1513 *
765 1483 946 1543 salem
975 1495 1033 1543 et
1060 1483 1239 1543 transi

709 1572 739 1606 '⁸'
763 1579 898 1637 ebat
922 1596 1030 1655 per
1055 1578 1252 1638 media

767 1674 1079 1731 samariam
1107 1682 1167 1731 et
1192 1690 1271 1749 ga

765 1765 958 1825 lileam
983 1776 1042 1825 et
1070 1765 1218 1825 hieri

765 1859 882 1920 cho
906 1890 921 1907 ·
984 1857 1030 1893 ¹²
1045 1861 1124 1919 Et
1150 1860 1378 1938 ingredi

764 1954 886 2013 enti
913 1955 967 2013 ei
994 1954 1056 2012 in
1083 1953 1341 2031 quodam

765 2046 1004 2107 castello
1027 2078 1042 2095 ·
1105 2047 1183 2106 Et
1210 2065 1351 2108 ecce

765 2141 976 2203 decem
1002 2141 1108 2200 uiri
1137 2141 1299 2219 lepro

763 2235 814 2293 si
843 2243 1124 2295 steterunt

765 2347 804 2389 a
828 2330 1008 2407 longe
1089 2326 1134 2362 ¹⁸
1149 2329 1227 2389 Et
1255 2328 1388 2389 leua

767 2470 978 2520 uerunt
1004 2478 1215 2520 uocem
1245 2460 1304 2520 di

767 2567 966 2617 centes
985 2587 1000 2605 ·
1070 2557 1170 2615 ihu
1200 2575 1304 2634 pre

765 2661 968 2728 ceptor
995 2651 1266 2711 miserere

765 2745 939 2805 nobis
961 2776 976 2791 ·
1040 2743 1085 2780 ¹⁴
1100 2763 1252 2823 quos
1277 2753 1344 2804 ut

761 2837 909 2898 uidit
936 2838 1081 2897 dixit
1149 2838 1226 2899 ite
1253 2856 1324 2898 os

765 2933 984 2992 tendite
1012 2949 1122 2991 uos
1150 2950 1316 2991 sacer

764 3026 998 3086 dotibus
1019 3057 1034 3072 ·
1104 3027 1184 3086 Et
1211 3026 1304 3086 fac

765 3129 891 3180 tum
911 3129 998 3179 est
1019 3121 1160 3179 dum
1187 3139 1268 3180 ua

761 3213 912 3272 dunt
937 3214 1202 3273 mundati

767 3318 903 3368 sunt
925 3338 942 3354 ·
1009 3305 1055 3340 ¹⁶
1071 3306 1242 3366 Unus
1269 3325 1346 3366 au

766 3412 890 3461 tem
918 3421 990 3461 ex
1021 3401 1131 3461 illis
1157 3411 1222 3458 ut
1249 3401 1308 3459 ui

768 3496 853 3555 dit
880 3496 1018 3574 quia
1045 3513 1223 3554 sanus
1251 3503 1340 3554 est
1369 3526 1382 3540 ·

765 3608 1066 3666 regressus
1095 3600 1183 3649 est

763 3702 902 3744 cum
931 3701 1152 3760 magna
1175 3701 1326 3743 uoce

755 3779 1142 3855 magnificans
1176 3777 1275 3836 dm
1299 3809 1314 3822 ·

761 3871 806 3906 ¹⁸
822 3873 900 3932 Et
928 3872 1139 3932 cecidit
1165 3873 1226 3930 in
1254 3870 1404 3931 facie

765 3975 900 4027 ante
928 3967 1110 4043 pedes
1137 3968 1262 4026 eius
1285 3998 1300 4012 ·

763 4061 980 4138 gratias
1007 4079 1192 4138 agens
1218 4059 1308 4120 ei·
1331 4089 1348 4106 ·

763 4154 843 4216 Et
870 4156 966 4214 hic
992 4164 1117 4214 erat
1145 4153 1415 4213 samarita

763 4267 876 4310 nus
898 4281 914 4296 ·
975 4248 1021 4282 ¹⁷
1038 4247 1399 4325 respondens

2135 365 2376 429 SECD
2396 395 2411 413 ·

1521 550 1715 603 autem
1743 540 1834 602 ihs
1863 542 2008 602 dixit
2025 574 2040 589 ·

1519 636 1580 695 hi
1607 636 1812 697 decem
1840 636 2061 697 munda

1519 730 1564 789 ti
1593 742 1728 791 sunt
1809 750 2028 791 nouem
2055 750 2098 790 u

1521 826 1580 887 bi
1608 836 1746 885 sunt
1765 856 1780 873 ·
1843 823 1887 857 ²⁸
1907 843 1982 885 ex
2011 826 2120 884 illis

1522 938 1646 980 non
1672 929 1761 979 est
1789 920 1890 997 qui
1918 918 2042 979 redi

1522 1024 1610 1074 ret
1699 1023 1759 1073 et
1785 1014 2001 1090 gratias
2029 1031 2140 1091 age

1522 1118 1644 1169 ret·
1706 1108 1818 1165 nisi
1845 1106 1939 1167 hic
1968 1107 2144 1167 alieni

1521 1220 1677 1279 gena
1700 1232 1715 1247 ·
1775 1200 1820 1235 ¹⁹
1836 1201 1913 1260 Et
1941 1202 2020 1260 ait
2046 1202 2126 1260 illi

1520 1314 1696 1373 surge
1722 1297 1874 1355 uade
1903 1297 2042 1374 quia

1520 1390 1665 1449 fides
1693 1402 1790 1449 tua
1816 1400 1874 1449 te
1902 1390 2037 1450 fecit

1521 1482 1752 1545 saluum
1775 1516 1790 1531 ·
1809 1516 1824 1531 ·
1867 1484 1952 1545 ῬΟ
1974 1483 2135 1542 Inter

1521 1588 1758 1655 rogatus
1779 1588 1978 1638 autem

1523 1688 1560 1731 a
1588 1672 1845 1733 farisaeis
1913 1690 2072 1750 quan

1521 1766 1601 1826 do
1628 1768 1790 1826 uenit
1815 1784 2066 1843 regnum

1520 1859 1582 1920 di
1598 1892 1614 1907 ·
1677 1870 1737 1920 at
1763 1860 1858 1921 ille
1886 1861 2032 1919 dixit

1520 1954 1605 2013 eis
1629 1984 1642 2001 ·
1703 1972 1826 2015 non
1853 1955 2014 2014 uenit

1517 2066 1766 2125 regnum
1794 2048 1854 2107 di
1881 2066 2018 2109 cum

1517 2143 1928 2202 obseruatione
1951 2172 1966 2189 ·

1517 2232 1560 2268 ¹¹
1580 2235 1790 2315 Neque
1819 2238 2014 2297 dicent
2040 2253 2180 2295 ecce

1517 2328 1615 2389 hic
1645 2340 1742 2390 aut
1769 2349 1907 2391 ecce
1935 2330 2051 2390 illic

1517 2458 1675 2520 Ecce
1707 2462 1866 2521 enim
1893 2470 2078 2541 regnu

1520 2555 1580 2614 di
1608 2557 1761 2617 intra
1785 2575 1898 2616 uos
1926 2569 2018 2618 est

1517 2647 1650 2709 ”Et
1671 2651 1750 2709 ait
1779 2651 1854 2710 ad
1883 2651 2203 2730 discipulos

1519 2761 1660 2805 suos
1741 2745 1978 2806 uenient
2008 2747 2068 2805 di

1521 2855 1587 2898 es
1614 2847 1678 2896 ut
1706 2837 2040 2899 desideretis

1517 2949 1702 2990 unum
1729 2931 1886 2992 diem
1913 2933 1993 2992 fili

1518 3024 1774 3085 hominis
1803 3038 1862 3086 et
1889 3045 2012 3086 non
2039 3027 2098 3085 ui

1519 3119 1731 3179 debitis
1753 3151 1768 3166 ·
1831 3117 1876 3153 ’³
1895 3121 1976 3180 Et
2002 3121 2197 3180 dicent

1518 3215 1690 3272 uobis
1711 3231 1852 3274 ecce
1882 3215 1976 3274 hic

1519 3325 1658 3366 ecce
1685 3307 1800 3366 illic
1881 3308 2059 3368 nolite
2085 3309 2168 3369 ire

1521 3418 1710 3476 neque
1739 3402 2039 3462 sectemini

1518 3491 1561 3528 ⁹⁴
1579 3494 1737 3555 Nam
1767 3495 1915 3555 sicut
1941 3495 2133 3573 fulgur

1519 3588 1819 3666 fulgurans
1847 3587 1919 3648 de
1948 3590 2114 3649 caelo

1517 3682 1674 3742 lucet
1700 3682 1762 3742 in
1790 3682 1881 3742 his
1908 3702 2058 3761 quae

1519 3778 1630 3836 sub
1658 3775 1825 3836 caelo
1853 3787 1988 3836 sunt
2011 3809 2026 3824 ·
2087 3777 2167 3837 ita

1516 3871 1624 3930 erit
1649 3871 1799 3930 filius
1826 3870 1990 3931 homi

1517 3965 1609 4024 nis
1638 3965 1700 4023 in
1728 3965 1823 4024 die
1853 3983 2020 4025 sua-

1514 4055 1560 4092 ¹⁸
1580 4057 1842 4118 Primum
1867 4068 2064 4118 autem
2091 4075 2131 4118 o

1515 4161 1706 4230 portet
1735 4152 1897 4210 illum
1925 4151 2048 4211 mul

1514 4256 1573 4305 ta
1601 4245 1720 4324 pati
1747 4253 1807 4306 et
1833 4247 2120 4322 reprobari

2328 561 2365 601 a
2392 540 2769 620 generatione
2800 542 2851 601 is

2326 646 2388 696 ta
2410 668 2425 683 ·
2482 633 2619 695 ”Et
2647 636 2796 696 sicut
2823 634 2913 695 fac

2328 740 2454 791 tum
2482 740 2571 790 est
2598 731 2659 789 in
2688 730 2894 789 diebus

2328 842 2445 883 noe
2528 826 2607 883 ita
2633 824 2740 884 erit
2766 834 2824 884 et
2850 826 2913 883 in

2328 918 2535 979 diebus
2563 914 2643 977 fi¹¹
2670 918 2833 977 homi

2328 1013 2420 1071 nis
2443 1043 2458 1058 ·
2522 1010 2567 1046 ¹⁷
2582 1013 2853 1072 Edebant

2329 1116 2388 1167 et
2415 1108 2691 1167 bibebant
2708 1139 2723 1154 ·
2783 1124 2904 1167 uxo

2328 1218 2421 1259 res
2449 1201 2741 1261 ducebant

2328 1304 2386 1355 et
2413 1296 2711 1355 nubebant

2330 1408 2513 1468 usque
2540 1391 2602 1449 in

2327 1483 2485 1543 diem

2328 1578 2490 1637 illum
2518 1594 2637 1657 quo
2665 1578 2816 1637 intra

2326 1672 2412 1730 uit
2440 1688 2553 1731 noe
2584 1672 2645 1730 in
2673 1690 2869 1731 arcam
2892 1702 2906 1719 ·

2326 1766 2405 1825 Et
2432 1766 2594 1824 uenit
2622 1764 2841 1825 diluuiii

2328 1868 2387 1919 et
2414 1857 2664 1935 perdidit
2685 1878 2789 1919 om

2328 1971 2434 2013 nes
2452 1985 2466 2001 ·
2518 1951 2561 1987 ¹⁸
2582 1950 2853 2013 Similiter

2328 2046 2545 2106 sactum
2572 2057 2661 2107 est
2689 2048 2751 2106 in
2780 2048 2876 2107 die

2326 2144 2437 2200 bus
2463 2141 2586 2200 loth
2668 2140 2812 2201 aede

2326 2236 2467 2294 bant
2492 2246 2551 2295 et
2576 2236 2853 2296 bibebant

2326 2330 2601 2389 emebant
2624 2360 2639 2375 ·
2702 2328 2895 2389 uende

2328 2460 2469 2519 bant
2488 2490 2503 2507 ·
2567 2458 2909 2539 plantabant

2327 2555 2715 2614 aedificabant
2735 2586 2750 2602 ·
2811 2552 2856 2589 ²·
2878 2573 2994 2635 qua

2330 2649 2422 2709 die
2450 2658 2647 2709 autem
2674 2649 2813 2708 exiit

2329 2742 2451 2803 loth
2480 2761 2515 2801 a
2544 2741 2805 2802 sodomis
2826 2773 2842 2790 ·

2328 2834 2471 2914 pluit
2498 2835 2649 2913 ignis
2677 2836 2752 2895 de
2778 2835 2941 2897 caelo

2328 2939 2385 2990 et
2412 2929 2659 3008 perdidit
2686 2946 2898 2990 omnes

3190 373 3385 439 [xvn.
3416 376 3711 427 10-xv111.
3735 388 3784 441 3·

3082 540 3327 601 liberare
3352 540 3553 618 perdet

3084 634 3244 693 illam
3267 666 3283 681 ·
3346 646 3403 696 et
3431 636 3659 713 quicu-

3082 746 3201 807 que
3227 729 3534 805 perdiderit

3080 824 3240 883 illam
3266 832 3501 901 propter
3526 841 3625 881 me

3082 917 3305 976 saluam
3336 916 3505 976 faciet
3532 916 3627 975 illa

3080 1010 3288 1071 “Dico
3316 1013 3485 1071 uobis
3514 1012 3643 1089 ipsa
3668 1028 3789 1071 noc

3082 1114 3141 1163 te
3168 1105 3287 1165 duo
3316 1116 3484 1165 erunt
3512 1108 3575 1165 in

3080 1200 3235 1259 lecto
3262 1218 3385 1259 uno
3466 1218 3619 1261 unus

3080 1294 3419 1354 adsumetur
3444 1304 3503 1355 et
3529 1294 3584 1353 al

3079 1398 3166 1448 ter
3192 1389 3544 1467 relinquetur

3084 1482 3129 1516 ⁸⁸
3146 1483 3316 1542 Duae
3344 1483 3629 1543 molentes
3656 1484 3719 1542 in

3082 1595 3271 1637 unum
3336 1594 3457 1637 una
3481 1578 3628 1637 adsu

3082 1680 3272 1730 metur
3339 1681 3399 1729 et
3422 1690 3543 1731 una
3569 1689 3632 1731 re

3082 1766 3411 1844 linquaetur
3428 1796 3443 1813 ·
3462 1796 3479 1813 ·
3498 1796 3583 1810 —

3082 1859 3221 1920 Duo
3250 1861 3312 1919 in
3340 1878 3485 1937 agro
3564 1877 3719 1920 unus

3082 1953 3414 2013 adsumetur
3442 1962 3500 2012 et
3526 1953 3581 2012 al

3082 2056 3167 2109 ter
3194 2048 3550 2126 relinquetur
3568 2078 3585 2094 ·

3080 2142 3127 2176 ⁸⁸
3144 2141 3595 2220 Respondentes

3080 2246 3275 2296 autem
3305 2236 3571 2295 dixerunt

3080 2330 3159 2390 illi
3242 2332 3338 2389 abi
3364 2331 3479 2391 dfie
3502 2361 3519 2377 ·

3081 2461 3127 2495 ⁸⁷
3148 2462 3359 2541 quibus
3387 2462 3512 2541 ipse
3542 2462 3686 2521 dixit

3083 2557 3475 2635 ubicumquae
3502 2558 3599 2617 fue

3080 2651 3153 2710 rit
3180 2669 3397 2728 corpus
3426 2652 3559 2711 illuc

3082 2748 3590 2822 congregabuntur

3184 2838 3410 2916 aqussae
3431 2865 3514 2893 ω

3048 2930 3181 2992 *18.
3197 2931 3216 2964 ¹
3236 2932 3483 2992 Dicebat
3498 2943 3691 2993 autem
3708 2951 3785 3012 pa

2328 3023 2373 3056 ³⁰
2393 3024 2728 3082 Secundum
2754 3023 2899 3084 haec
2926 3025 3033 3084 erit
3048 3025 3347 3086 *rabolam
3376 3029 3451 3086 ad
3478 3027 3607 3088 illos

2328 3117 2452 3176 dies
2481 3117 2558 3176 fili
2588 3117 2842 3177 hominis

2326 3229 2445 3288 qua
2468 3211 2810 3270 reuelabitur
2831 3241 2847 3258 ·

2328 3304 2371 3338 ⁸¹
2390 3305 2462 3364 In
2489 3304 2585 3364 illa
2612 3304 2705 3365 die
2733 3305 2833 3383 qui
2860 3304 2955 3364 fue

2328 3399 2401 3459 rit
2430 3400 2490 3457 in
2519 3409 2673 3459 tecto
2705 3409 2763 3458 et
2790 3417 2867 3458 ua

2329 3512 2395 3553 sa
2422 3494 2546 3554 eius
2575 3494 2634 3553 in
2664 3493 2845 3554 domo

2328 3605 2452 3646 non
2481 3587 2795 3646 descendat
2824 3586 2907 3646 tol

2326 3681 2444 3742 lere
2472 3681 2569 3742 illa
2589 3713 2604 3728 ·
2662 3691 2719 3742 et
2747 3682 2849 3760 qui

2328 3776 2390 3835 in
2418 3794 2563 3853 agro
2593 3793 2715 3835 non
2743 3776 2885 3835 rede

2325 3879 2387 3928 at
2413 3869 2669 3928 similiter
2697 3879 2851 3930 retro

2326 3961 2373 3996 ⁸⁸
2388 3961 2686 4022 Memores
2713 3971 2897 4022 estote

2324 4057 2524 4117 uxoris
2553 4056 2675 4116 loth
2693 4087 2710 4103 ·
2768 4055 2815 4090 ⁸⁸
2830 4057 2930 4136 qui

2324 4169 2575 4230 cumque
2602 4160 2795 4209 autem

2324 4245 2631 4325 quaesierit
2658 4245 2852 4304 anima
2880 4249 2987 4305 sua

3048 3117 3227 3198 *qiim
3254 3131 3483 3198 oportet
3510 3140 3635 3182 sem

3079 3233 3187 3293 per
3212 3233 3379 3274 orare
3406 3225 3465 3274 et

3080 3325 3207 3366 non
3234 3308 3479 3368 deficere
3502 3341 3515 3356 ·
3542 3341 3557 3358 ·
3583 3342 3597 3356 ·

3079 3397 3104 3434 ²
3125 3402 3329 3462 dicens
3352 3435 3365 3450 ·
3392 3435 3407 3450 ·

3080 3495 3254 3555 iudex
3284 3497 3521 3574 quidam
3551 3508 3675 3557 erat

3080 3589 3143 3647 in
3170 3591 3430 3667 quodam
3460 3591 3635 3650 ciuita

3080 3691 3137 3742 te
3166 3683 3266 3762 qui
3293 3684 3395 3743 dm
3424 3701 3549 3742 non
3576 3685 3617 3742 ti

3080 3779 3275 3836 mebat
3359 3789 3415 3837 et
3443 3778 3681 3838 homine

3080 3888 3203 3929 non
3230 3873 3600 3932 reuerebatur
3618 3903 3663 3918 -

3077 3963 3100 3996 ⁸
3117 3963 3313 4024 Uidua
3340 3975 3535 4024 autem
3563 3984 3714 4043 quae

3078 4055 3217 4117 dam
3245 4069 3367 4118 erat
3393 4059 3453 4118 in
3484 4061 3659 4120 ciuita

3075 4159 3134 4209 te
3162 4171 3314 4230 quae
3341 4154 3501 4212 uenit
3528 4154 3604 4213 ad
3630 4153 3675 4214 il

3072 4243 3195 4306 lum
3276 4247 3479 4307 dicens

3811 535 3939 586 1¹01.
3962 536 4101 583 188.
