4373 5048
802 370 889 436 34

521 528 647 579 rol.
670 529 766 581 06.
806 526 979 588 uobis
998 557 1013 573 ·
1076 531 1220 605 qiim
1247 543 1423 604 super

803 622 1003 683 omnia
1030 621 1193 680 bona
1218 638 1325 681 sua

800 715 1111 775 constituet
1138 732 1274 774 eum
1299 745 1313 760 ·

800 810 847 844 ⁴⁸
867 807 929 867 Si
956 817 1152 867 autem
1181 806 1387 868 dixerit

802 902 990 962 malus
1018 920 1217 961 seruus
1228 902 1283 961 .il

802 996 859 1055 le
886 997 947 1054 in
974 995 1150 1056 corde
1179 1013 1287 1057 suo
1308 1026 1323 1041 ·

802 1088 1041 1149 Moram
1070 1090 1204 1149 facit
1232 1090 1344 1149 dns

802 1201 971 1243 meus
996 1184 1194 1242 uenire

802 1274 851 1310 ⁸⁰
866 1276 945 1335 Et
970 1277 1204 1353 incipiet
1230 1294 1411 1353 percu

802 1379 926 1430 tere
954 1388 1274 1431 conseruos

804 1481 945 1523 suos
961 1494 977 1510 ·
1033 1464 1351 1523 manducet

800 1566 997 1617 autem
1026 1568 1083 1617 et
1108 1559 1271 1617 bibat

800 1668 937 1710 cum
964 1652 1135 1710 ebriis
1154 1678 1167 1693 ·
1222 1651 1267 1685 ⁶¹
1278 1669 1357 1711 ue

802 1744 926 1802 niet
952 1754 1147 1803 autem
1174 1746 1287 1805 dfis

806 1838 961 1895 serui
986 1837 1136 1897 illius
1206 1839 1269 1895 in

807 1928 902 1989 die
930 1948 1048 2008 qua
1074 1948 1198 1989 non
1226 1948 1331 2006 spe

808 2032 897 2082 rat
971 2033 1031 2082 et
1058 2023 1205 2082 hora
1230 2040 1347 2099 qua

806 2117 1036 2194 ignorat
1058 2148 1073 2163 ·
1117 2114 1162 2149 ⁶²
1178 2126 1236 2175 et
1263 2116 1383 2175 diui

807 2210 909 2270 det
934 2228 1070 2271 eum
1096 2219 1154 2270 et
1180 2228 1285 2287 par

804 2314 928 2364 tem
956 2304 1079 2364 eius
1106 2322 1241 2364 cum
1270 2302 1347 2381 hy

803 2436 1041 2515 pocritis
1068 2437 1234 2513 ponit
1263 2467 1278 2483 ·
1322 2434 1437 2496 illic

802 2531 911 2591 erit
936 2530 1103 2590 fletus
1133 2542 1190 2591 et
1216 2531 1319 2590 stri

804 2626 915 2686 dor
942 2625 1202 2685 dentium
1224 2657 1239 2672 ·
1260 2657 1344 2668 -

2072 340 2534 419 SECUNDU-

1558 524 1581 559 ⁸
1604 524 1779 584 Mora
1804 534 1999 585 autem
2029 542 2179 602 spon

1558 638 1627 679 so
1654 619 1898 679 faciente
1967 618 2075 678 dor

1556 714 1902 772 mitauerunt
1930 730 2031 771 om

1558 825 1664 866 nes
1693 807 1947 883 uirgines
2016 816 2075 866 et

1558 899 1917 960 dormiebant
1937 930 1952 945 ·
2001 900 2024 933 ⁸
2040 915 2138 959 me

1558 992 1655 1051 dia
1682 1002 1875 1052 autem
1903 1002 2079 1052 nocte

1558 1085 1780 1147 clamor
1808 1085 1960 1146 satus
1987 1095 2077 1147 est
2093 1110 2107 1125 ·

1554 1198 1695 1240 ecce
1724 1198 1975 1257 sponsus
2000 1180 2162 1240 uenit

1556 1274 1707 1333 exite
1735 1275 1794 1333 in
1815 1274 2055 1333 obuiam
2082 1273 2169 1334 ei·

1555 1368 1577 1401 '⁸
1597 1365 1771 1427 Tunc
1798 1378 2165 1427 surrexerunt

1554 1478 1764 1520 omnes
1792 1461 2045 1537 uirgines
2072 1460 2113 1518 il

1557 1553 1611 1614 le
1635 1586 1651 1601 ·
1708 1563 1768 1613 et
1794 1562 2194 1631 conposurunt

1479 1700 1485 1705 .
1557 1648 1862 1724 lampadas
1891 1664 2024 1706 suas
2046 1678 2061 1693 ·

1560 1740 1781 1801 {Fatue
1810 1750 2003 1799 autem
2032 1740 2236 1819 sapien

1560 1835 1714 1894 tibus
1741 1833 2010 1891 dixerunt
2032 1864 2047 1879 ·

1560 1927 1694 1986 date
1722 1926 1893 1986 nobis
1923 1926 1996 1985 de
2024 1925 2159 1987 oleo

1558 2030 1753 2080 uestro
1818 2020 1955 2096 quia
1978 2018 2097 2078 lam

1558 2111 1742 2193 pades
1768 2123 1963 2173 nostre
1989 2131 2065 2172 ex

1558 2208 1857 2285 tinguntur
1879 2231 1892 2246 ·
1934 2206 1958 2239 ⁹
1976 2206 2097 2267 Res

1556 2300 1887 2379 ponderunt
1913 2310 2109 2361 autem

1559 2436 1874 2513 prudentes
1904 2436 2074 2496 dicen

1559 2541 1647 2591 tes
1670 2563 1685 2578 ·
1746 2549 1822 2591 ne
1851 2531 1997 2591 forte
2026 2548 2149 2590 non

1560 2625 1826 2685 suffuciat
1854 2625 2023 2687 nobis

804 2717 1542 2794 125.¹Tuncsimileestreg
1558 2729 1616 2778 et
1643 2719 1811 2778 uobis
1836 2751 1849 2766 ·
1912 2721 2001 2779 Ite
2032 2719 2157 2798 poti

802 2831 948 2873 num
976 2813 1271 2873 caelorum
1289 2843 1307 2862 ·
1367 2813 1443 2872 de

802 2926 935 2968 cem
962 2907 1280 2984 uirginibus
1302 2937 1318 2954 .

803 3001 905 3080 qui
930 3002 1262 3078 acciperunt
1290 2999 1407 3060 lam

802 3094 989 3172 padas
1015 3112 1149 3153 suas
1167 3124 1182 3140 ·
1244 3102 1301 3152 et
1326 3111 1477 3152 uene

802 3196 939 3248 runt
964 3188 1200 3246 obuiam
1230 3204 1383 3264 spon

804 3299 875 3341 so
903 3290 961 3340 et
988 3297 1241 3356 sponsae
1262 3311 1275 3326 ·
1319 3276 1341 3310 ²
1361 3279 1505 3356 quin

804 3392 920 3452 que
948 3385 1141 3433 autem
1170 3382 1334 3433 erant
1362 3391 1437 3431 ex

804 3467 947 3546 ipsis
974 3466 1161 3526 fatuae
1180 3497 1195 3513 ·
1254 3476 1314 3526 et
1338 3467 1478 3543 quin

806 3579 921 3640 que
949 3559 1260 3638 prudentes
1278 3591 1293 3606 ·

804 3655 827 3688 ⁸
844 3654 1027 3714 Fatue
1054 3663 1247 3713 autem
1275 3653 1462 3732 accipi

801 3759 968 3810 entes
996 3747 1297 3825 lampadas
1325 3765 1460 3808 suas
1490 3780 1503 3795 ·

802 3861 927 3903 non
954 3851 1287 3902 sumserunt
1316 3859 1379 3901 se

803 3953 940 3997 cum
969 3935 1164 3995 oleum
1187 3966 1202 3982 ·
1246 3935 1268 3967 ⁴
1289 3935 1432 3994 Pru-

801 4031 1007 4091 dentes
1036 4039 1229 4088 autem
1258 4046 1401 4088 acce

800 4134 1008 4202 perunt
1035 4123 1230 4183 oleum
1259 4123 1319 4181 in
1348 4140 1424 4180 ua

800 4218 881 4278 sis
910 4235 1047 4278 cum
1072 4215 1441 4295 lampadibus

1316 4327 1438 4371 suis

1556 2829 1625 2872 us
1652 2812 1731 2872 ad
1757 2811 2077 2872 uendentes

1555 2915 1613 2965 et
1641 2907 1814 2966 emite
1840 2906 2007 2966 uobis
2030 2938 2046 2953 ·
2078 2937 2091 2952 ·

1554 2996 1977 3059 ²⁰Abeuntibus
1998 3009 2182 3058 aute·-

1558 3092 1665 3151 illis
1690 3111 1885 3152 emere
1908 3123 1923 3140 ·
1984 3094 2148 3152 uenit

1556 3203 1813 3264 sponsus
1842 3195 1900 3244 et
1928 3203 2077 3262 quae

1556 3288 1789 3355 paratae
1818 3289 1981 3338 erant
2007 3279 2070 3338 in

1556 3357 1851 3431 trauerunt
1879 3389 2017 3430 cum
2045 3389 2119 3432 eo

1554 3465 1619 3522 in
1647 3465 1875 3542 nuptias
1902 3475 1961 3524 et
1988 3465 2080 3525 clu

1558 3576 1623 3618 sa
1649 3570 1737 3618 est
1765 3559 1939 3617 ianua
1956 3590 1971 3605 ·
2014 3557 2057 3591 ¹¹
2078 3557 2176 3621 No

1555 3653 1790 3711 uissime
1819 3653 2059 3712 ueniunt

1554 3746 1771 3822 relique
1798 3747 2053 3824 uirgines

1556 3841 1814 3901 dicentes
1836 3873 1851 3889 ·
1896 3843 2010 3901 dx‘ie
2040 3841 2158 3901 dne

1538 3935 1714 4012 aperi
1741 3935 1911 3994 nobis
1934 3963 1949 3981 ·
1992 3932 2036 3967 ¹²
2051 3935 2135 3994 At

1552 4027 1646 4086 ille
1675 4027 2038 4105 respondens

1553 4121 1634 4180 ait
1655 4153 1669 4168 ·
1732 4122 1931 4182 Amen
1957 4121 2092 4181 dico

1552 4215 1722 4276 uobis
1738 4247 1823 4260 —-

2360 524 2560 584 nescio
2587 540 2698 582 uos
2721 554 2736 570 ·
2779 522 2822 556 ²⁸
2841 522 2978 601 Uigi

2360 618 2473 677 late
2501 618 2696 694 itaque
2763 618 2900 695 quia

2359 712 2595 771 nescitis
2621 710 2828 771 horam

2361 804 2521 863 illam
2540 836 2555 851 ·
2616 822 2808 882 neque
2836 804 2932 864 die

2361 897 2406 931 ¹⁴
2425 897 2584 957 Sicut
2609 898 2767 958 enim
2794 898 2978 958 homo

2362 1009 2599 1070 peregre
2625 991 2846 1051 futurus

2361 1086 2595 1145 uocauit
2623 1103 2823 1145 seruos

2364 1197 2501 1238 suos
2527 1188 2588 1237 et
2614 1180 2842 1239 tradidit

2361 1273 2470 1332 illis
2497 1273 2656 1332 bona
2685 1290 2789 1332 sua
2809 1303 2822 1319 ·
2867 1271 2911 1306 ¹⁵
2925 1283 2984 1333 et

2361 1366 2464 1425 uni
2493 1366 2648 1425 dedit
2675 1367 2886 1444 quinq‘·

2362 1459 2580 1519 talenta
2599 1490 2614 1506 ·
2673 1460 2765 1519 alii
2793 1466 2926 1520 aute

2363 1552 2482 1613 duo
2500 1583 2515 1598 ·
2559 1552 2654 1612 alii
2681 1570 2824 1612 uero
2851 1571 2892 1612 u

2363 1663 2506 1704 num
2528 1677 2543 1693 ·
2602 1646 2913 1723 unicuique

2363 1738 2686 1799 secundum
2705 1757 2817 1817 pro

2363 1834 2549 1910 priam
2577 1834 2845 1893 uirtutem

2363 1937 2420 1986 et
2447 1926 2739 2004 profectus
2765 1938 2852 1987 est
2875 1958 2890 1974 ·

3203 364 3416 429 [xx1v.
3438 371 3708 435 4s-xxv.
3732 372 3822 423 26.

3119 526 3262 585 mihi
3288 527 3497 589 dedisti
3514 562 3529 577 ·
3587 548 3729 591 ecce

3117 619 3229 679 alia
3257 623 3515 699 quinque
3541 624 3752 685 talenta

3049 716 3474 792 superlucratus
3501 724 3570 777 sil
3589 750 3604 765 ·

3117 804 3160 839 ¹¹²
3177 809 3254 867 ait
3281 810 3357 867 illi
3385 810 3497 871 dr'is
3523 812 3646 871 eius
3667 842 3684 858 ·

3116 900 3287 979 Euge
3315 922 3479 964 serue
3511 906 3704 965 bonae

3115 1006 3175 1055 et
3203 996 3386 1056 fidelis
3405 1028 3418 1043 ·
3478 999 3615 1075 quia

3117 1106 3292 1166 supra
3318 1108 3506 1167 pauca
3531 1090 3639 1152 fluis

3115 1182 3158 1241 ti
3187 1182 3368 1243 fidelis
3386 1216 3400 1231 ·
3461 1204 3635 1263 supra

3115 1275 3297 1335 multa
3327 1287 3380 1336 te
3410 1280 3661 1338 constitu

3116 1386 3216 1427 am
3234 1400 3248 1415 ·
3309 1371 3458 1430 intra
3484 1372 3546 1430 in
3570 1390 3689 1449 gau

3117 1462 3279 1521 dium
3307 1462 3408 1522 dni
3435 1466 3517 1524 tui
3534 1497 3549 1512 ·

3115 1552 3161 1587 ²¹³
3175 1555 3485 1618 Accedens
3513 1568 3707 1619 autem

3115 1658 3174 1707 et
3201 1650 3298 1726 qui
3326 1650 3446 1709 duo
3474 1652 3690 1712 talenta

3117 1754 3425 1819 acceperat
3492 1746 3572 1805 ait

3115 1834 3232 1895 dne
3260 1836 3379 1896 duo
3407 1838 3621 1899 talenta

3113 1928 3254 1987 mihi
3283 1930 3522 1990 dedisti·
3574 1952 3714 1993 ecce

2360 2019 2406 2055 ²⁸
2423 2020 2627 2081 Statim
2655 2032 2850 2080 autem
2877 2022 3016 2081 abiit
3058 2022 3172 2083 alia
3192 2023 3310 2082 duo
3332 2025 3548 2085 talenta
3573 2028 3734 2088 lucra

2362 2116 2460 2194 qui
2488 2116 2745 2193 quinque
2771 2114 2926 2174 talen

2363 2218 2452 2268 tas
2479 2217 2785 2285 acceperat
2803 2238 2818 2254 ·
2879 2207 2956 2267 Et

2361 2310 2631 2380 operatus
2657 2311 2746 2361 est
2771 2302 2835 2360 in
2860 2302 2944 2361 eis

2362 2444 2420 2495 et
2446 2433 2580 2495 fecit
2607 2434 2718 2493 alia
2747 2432 2962 2511 quinq‘·

2363 2530 2578 2590 talenta
2598 2560 2613 2576 ·
2656 2528 2700 2562 ¹⁷
2717 2529 2970 2589 similiter

2363 2633 2421 2685 et
2449 2624 2547 2701 qui
2574 2623 2693 2683 duo
2725 2626 2955 2700 accepit

2363 2718 2614 2776 lucratus
2641 2726 2730 2776 est
2755 2717 2817 2776 in
2843 2717 2926 2775 eis

2364 2811 2477 2871 alia
2504 2811 2660 2882 du03
2705 2809 2749 2844 ¹⁸
2765 2811 2866 2887 qui
2893 2816 3024 2871 aute

2364 2922 2548 2964 unum
2577 2905 2802 2981 accepit
2830 2905 2922 2963 abi

2362 3017 2469 3058 ens
2488 2997 2632 3058 fodit
2658 2999 2721 3056 in
2748 3009 2944 3058 terra*
2964 3030 2979 3047 ·

2361 3104 2420 3152 et
2447 3090 2754 3152 abscondit
2779 3110 2931 3168 pecu

2362 3186 2520 3245 niam
2549 3185 2648 3244 dni
2679 3186 2800 3244 sui·

2360 3279 2404 3313 ¹⁹
2423 3279 2562 3340 Post
2591 3279 2834 3338 multum
2861 3297 3002 3341 uero

2359 3374 2636 3450 temporis
2662 3373 2822 3433 uenit

2361 3466 2471 3526 dns
2501 3484 2801 3526 seruorum
2829 3467 2880 3525 il·

2360 3561 2548 3621 lorum
2573 3591 2586 3606 ·
2647 3571 2704 3619 et
2733 3561 2923 3637 posuit

2360 3673 2496 3713 cum
2523 3654 2606 3712 eis
2633 3655 2921 3713 rationem
2943 3685 2958 3700 ·

2357 3747 2489 3806 ¹⁰Et
2498 3748 2785 3807 accedens
2803 3749 2900 3824 qui
2918 3748 3060 3826 quin

2358 3859 2473 3918 que
2499 3841 2710 3900 talenta
2739 3860 2880 3902 acce

2357 3944 2520 4011 perat
2587 3935 2795 4013 optulit
2849 3973 2855 3980 -

2357 4027 2468 4086 alia
2494 4030 2749 4105 quinque
2777 4040 2836 4087 ta

2356 4121 2510 4180 lenta
2537 4121 2738 4181 dicens
2755 4153 2770 4169 ·

2355 4213 2490 4276 Dfie
2519 4216 2773 4294 quinque
2801 4214 2958 4276 talen

2843 4317 2904 4368 ta

3057 2182 3064 2188 ,
3115 2127 3209 2177 tus
3239 2134 3370 2177 sum
3393 2150 3406 2167 ·
3449 2118 3589 2179 ¹'ait
3613 2120 3692 2179 illi

3116 2214 3227 2273 dr'is
3256 2214 3379 2272 eius
3401 2244 3416 2260 ·
3477 2231 3626 2290 euge
3654 2232 3748 2273 ser

3115 2326 3190 2367 ue
3217 2309 3374 2367 bone
3401 2318 3460 2367 et
3485 2306 3670 2366 fidelis

3116 2440 3252 2516 quia
3278 2458 3450 2517 super
3477 2457 3668 2517 pauca

3055 2510 3076 2532 ⁶
3115 2533 3267 2594 fuisti
3295 2534 3479 2593 fidelis
3500 2566 3515 2581 ·
3559 2552 3629 2593 su

3116 2644 3222 2703 pra
3249 2627 3430 2686 multa
3457 2639 3514 2688 te
3543 2646 3660 2688 con

3117 2721 3346 2779 stituam
3369 2751 3384 2767 ·
3449 2721 3598 2780 intra

3114 2815 3176 2872 in
3203 2815 3479 2892 gaudium
3507 2814 3610 2873 dni
3637 2816 3720 2874 tui
3741 2847 3760 2864 ·

3115 2908 3161 2941 ⁸⁴
3177 2907 3484 2968 Accedens
3512 2919 3709 2968 autem

3115 3011 3173 3060 et
3201 3002 3298 3077 qui
3323 3019 3507 3061 unum
3535 3003 3690 3062 talen

3112 3106 3238 3155 tum
3265 3106 3568 3175 acceperat
3595 3129 3610 3144 ·

3115 3190 3194 3248 ait
3221 3190 3335 3248 dfie
3359 3221 3372 3236 ·
3438 3191 3562 3251 scio
3589 3192 3728 3268 quia

3113 3282 3299 3343 homo
3327 3283 3504 3343 durus
3531 3303 3596 3344 es
3614 3317 3658 3330 -

3115 3387 3173 3436 et
3193 3388 3375 3436 metes
3400 3378 3500 3436 ubi
3529 3396 3652 3437 non

3115 3471 3410 3528 seminasti
3432 3501 3445 3516 ·
3487 3480 3549 3529 et
3581 3487 3697 3530 con

3113 3581 3320 3640 gregas
3347 3563 3445 3623 ubi
3474 3581 3595 3624 non

3112 3657 3368 3733 sparsisti
3388 3687 3401 3702 ·
3445 3654 3490 3690 ²⁵
3504 3666 3563 3716 et
3589 3657 3631 3716 ti

3112 3768 3282 3809 mens
3309 3749 3421 3809 abii
3449 3760 3506 3809 et
3533 3752 3758 3810 abscon

3109 3841 3169 3900 di
3196 3843 3475 3903 talentum
3500 3853 3654 3903 tuu‘·

3108 3935 3170 3993 in
3204 3945 3352 3995 terra
3382 3968 3396 3983 ·
3462 3954 3602 3996 ecce
3629 3937 3772 3996 abes

3107 4037 3273 4088 tuum
3293 4061 3306 4076 ·
3351 4027 3394 4063 ⁸⁸
3411 4029 3654 4106 Respon

3108 4123 3254 4182 dens
3282 4133 3476 4182 autem
3506 4125 3616 4183 dr‘is
3644 4123 3767 4182 eius

3105 4215 3249 4276 dixit
3268 4249 3281 4263 ·
3343 4215 3501 4276 Male
3529 4233 3694 4276 serue

3851 545 4002 593 1¹01.
4033 547 4142 597 0⁶7.
