4373 5048
758 326 837 391 18

472 512 599 563 rol.
621 512 712 565 84.
756 504 1062 566 fasciculos
1088 504 1167 565 ad
1195 510 1270 565 οδ

752 600 1083 660 burendum
1100 627 1115 642 ·

752 693 1044 754 Triticum
1073 703 1269 753 autem

754 797 1114 865 congregate
1141 788 1203 847 in
1231 787 1331 847 hor

753 900 917 941 reum
946 900 1147 942 meum
1168 908 1225 927 ·—

752 976 799 1009 ⁸¹
814 975 1009 1035 Aliam
1035 976 1371 1053 parabolam

752 1070 1056 1148 proposuit
1083 1071 1193 1129 illis

752 1163 953 1223 dicens
978 1190 991 1205 ·
1054 1164 1199 1225 Simi

751 1257 807 1317 le
834 1268 922 1317 est
949 1276 1196 1336 regnum

753 1351 1051 1412 caelorum
1078 1370 1183 1430 gra

752 1463 834 1505 no
864 1446 1083 1523 sinapis
1112 1445 1261 1524 quod

752 1540 1045 1617 accipiens
1073 1539 1269 1619 homo,

752 1634 1059 1694 seminauit
1086 1635 1146 1692 in
1175 1654 1213 1694 a
1294 1688 1301 1694 .

751 1746 857 1805 gro
886 1746 994 1788 suo
1014 1756 1027 1769 ·
1073 1726 1294 1804 ³²quod

750 1822 1061 1881 minimum
1090 1832 1179 1881 est

751 1915 990 1992 quidem
1018 1916 1221 1975 omniii

753 2010 1045 2069 seminum
1063 2035 1079 2049 ·
1140 2008 1297 2067 Cum

752 2113 951 2163 autem
979 2102 1225 2162 creuerit
1246 2129 1260 2144 ·

752 2197 942 2257 maius
976 2197 1041 2255 fit
1067 2196 1232 2255 omni

752 2292 864 2350 bus
893 2290 1185 2351 holeribus

754 2423 831 2483 Et
860 2424 925 2484 fit
952 2426 1124 2484 arbor
1146 2450 1159 2465 ·
1218 2424 1299 2483 ita

752 2530 818 2579 ut
843 2518 1107 2579 uolucres
1136 2518 1282 2578 caeli

752 2614 993 2672 ueniant
1022 2645 1034 2660 ·
1065 2624 1125 2673 et
1152 2614 1290 2673 habi

752 2718 876 2768 tent
902 2709 962 2766 in
990 2709 1165 2768 ramis
1192 2708 1316 2766 eius

750 2801 795 2835 ⁸⁸
812 2800 1007 2861 Aliam
1032 2801 1371 2880 parabolam

752 2894 981 2955 locutus
1008 2906 1096 2955 est
1124 2896 1207 2954 eis
1238 2895 1297 2954 di

754 3007 898 3049 cens
916 3017 929 3029 ·
990 2988 1185 3048 Simile
1208 2998 1297 3048 est

751 3101 1003 3159 regnum
1028 3083 1303 3143 caeloru··
1322 3111 1335 3126 ·

753 3174 1039 3236 fermento
1060 3203 1073 3218 ·
1136 3177 1297 3255 quod

753 3279 1064 3347 acceptum
1094 3270 1232 3328 muli

753 3382 820 3423 er
844 3363 1153 3423 abscondit
1180 3365 1241 3422 in

753 3457 1001 3516 farinam
1030 3457 1215 3517 mensi

752 3552 861 3612 bus
888 3551 1068 3611 tribus
1126 3553 1207 3612 do

751 3663 864 3705 nec
892 3644 1239 3705 fermentatfi

751 3748 841 3798 est
867 3749 1055 3800 totum
1074 3765 1175 3790 we*

751 3832 977 3893 ⁸⁴Haec
992 3833 1197 3893 omnia
1211 3832 1442 3893 locutus

753 3936 843 3987 est
869 3927 959 3986 ihs
986 3928 1047 3985 in
1076 3927 1296 4005 parabo

752 4021 823 4082 lis
850 4040 887 4081 a
912 4023 1108 4080 turbas
1128 4049 1141 4063 ·
1204 4031 1262 4080 et
1290 4022 1339 4082 si

755 4135 833 4176 ne
859 4116 1150 4194 parabolis
1170 4135 1295 4176 non

753 4211 1099 4289 loquebatur
1128 4209 1213 4269 eis

2040 336 2215 401 SEC
2223 339 2416 401 UNI)
2447 370 2461 386 ·
2498 404 2506 409 .

1514 504 1559 539 ³⁸
1576 504 1659 566 Ut
1684 508 2093 586 adimpleretur

1512 602 1674 677 quod
1704 602 1925 663 dictum
1954 622 1989 664 e

1510 705 1599 754 rat
1634 715 1737 774 per
1763 697 1929 774 profe

1510 799 1633 847 tam
1660 790 1955 851 dicentem
1975 817 1989 831 ·

1510 882 1791 959 Aperiam
1819 886 1880 943 in
1908 904 2052 962 para

1508 977 1656 1037 bolis
1684 996 1754 1039 os
1781 997 1980 1039 meum
2004 1006 2016 1021 ·

1508 1073 1825 1131 eructuabo
1852 1073 2066 1133 abscon

1512 1164 1630 1224 dita
1652 1196 1665 1210 ·
1725 1184 1763 1225 a
1789 1167 2079 1227 constituti

1510 1276 1691 1318 onem
1710 1260 1916 1319 mundi
1938 1288 1998 1305 ·-

1508 1352 1553 1385 ⁸⁸
1570 1353 1745 1413 Tunc
1781 1354 1999 1414 dimisis
2027 1364 2119 1415 tur

1508 1447 1600 1505 bis
1628 1448 1765 1507 abiit
1791 1449 1853 1507 in
1881 1450 2063 1510 domu

1436 1614 1441 1619 .
1507 1541 1599 1600 ihs
1618 1567 1631 1580 ·
1691 1540 1769 1600 Et
1797 1562 2005 1605 accese

1507 1644 1644 1693 runt
1670 1636 1747 1695 ad
1778 1655 1910 1695 eum
1941 1638 2031 1697 dis

1509 1728 1683 1804 cipuli
1711 1730 1833 1788 eius
1861 1730 2033 1791 dicen

1510 1832 1597 1881 tes
1618 1848 1631 1863 ·
1691 1841 1897 1883 enarra
1924 1844 2005 1885 no

1510 1916 1601 1975 bis
1628 1918 1969 1993 parabolam

1511 2010 1865 2070 zizaniorum
1892 2013 2017 2089 agri
2036 2039 2049 2052 ·

1511 2103 1557 2137 ⁸⁷
1570 2104 1651 2163 At
1678 2105 1767 2163 ihs
1794 2107 2159 2182 respondens

1513 2198 1657 2256 dixit
1680 2198 1763 2257 eis
1787 2225 1800 2240 ·
1862 2200 1963 2276 qui
1990 2219 2054 2260 se

1513 2292 1696 2351 minat
1722 2293 1948 2353 bonum

1510 2441 1712 2483 semen
1739 2435 1826 2484 est
1854 2426 1891 2484 fl

1510 2518 1620 2578 lius
1648 2520 1899 2582 hominis
1922 2548 1935 2563 ·

1508 2613 1554 2646 ⁸⁸
1570 2632 1711 2690 ager
1738 2625 1933 2675 autem
1962 2625 2050 2675 est
2091 2613 2131 2674 h

1510 2707 1604 2766 hic
1632 2709 1885 2768 mundus
1910 2737 1922 2750 ·
1984 2711 2064 2769 bo

1510 2819 1654 2860 num
1684 2813 1879 2863 autern
1908 2821 2110 2862 semen
2134 2836 2147 2851 ·

1512 2895 1572 2953 hi
1606 2904 1740 2954 sunt
1755 2895 1847 2972 ‘fili
1877 2898 2042 2974 regni
2069 2923 2081 2936 ·

1511 2988 1733 3048 zizania
1758 3001 1953 3048 autem

1510 3082 1608 3141 filii
1639 3094 1772 3143 sunt
1798 3083 2037 3160 maligni
2055 3111 2068 3124 ·

1510 3175 1553 3209 ⁸⁹
1572 3175 1851 3236 Inimicus
1877 3187 2074 3236 autem

1509 3271 1609 3346 qui
1636 3271 1939 3329 seminauit
1964 3290 2036 3330 ea
2058 3295 2071 3311 ·

1508 3374 1594 3423 est
1622 3363 1889 3424 diabolus
1914 3389 1926 3404 ·
1992 3383 2117 3423 mes

1510 3458 1589 3518 sis
1617 3475 1759 3518 uero
1818 3476 2063 3517 consum

1508 3553 1689 3612 matio
1718 3551 1933 3611 saeculi
1962 3562 2080 3612 est·

1506 3664 1766 3706 mesores
1792 3657 1987 3705 autem

1508 3741 1702 3816 angeli
1731 3750 1867 3800 sunt
1922 3740 1967 3772 ⁴⁰
1990 3738 2149 3800 Sicut

1509 3853 1650 3910 ergo
1677 3834 2029 3910 colliguntur

1510 3929 1729 3988 zizania
1757 3938 1814 3987 et
1840 3929 1901 3986 in
1930 3929 2065 4004 igne

1508 4025 1926 4083 comburuntur
1948 4053 1963 4068 ·

1509 4113 1605 4175 Sic
1634 4117 1740 4176 erit
1765 4115 1827 4174 in
1857 4132 2105 4176 consum

1506 4209 1762 4270 matione
1790 4210 2002 4270 saeculi

2319 510 2489 571 huius
2509 542 2523 559 ·
2582 510 2828 570 “mittet

2317 604 2468 665 filius
2496 606 2750 665 hominis
2780 624 2858 665 an

2319 699 2486 776 gelos
2513 718 2655 761 suos
2733 710 2791 759 et
2819 699 2914 759 col

2318 794 2500 869 ligent
2527 794 2601 854 de
2629 813 2813 872 regno

2317 889 2442 947 eius
2469 889 2668 947 omnia
2695 907 2841 949 scau⁴

2318 982 2450 1041 dala
2523 993 2579 1042 et
2605 1002 2709 1043 eos
2735 984 2836 1060 qui

2316 1075 2536 1136 faciunt
2562 1077 2800 1155 iniquita

2317 1180 2436 1230 tem
2456 1202 2469 1217 ·
2513 1172 2634 1230 ‘'et
2661 1172 2890 1231 mittent

2317 1283 2420 1325 eos
2452 1266 2512 1323 in
2544 1266 2840 1325 caminum

2317 1360 2466 1436 ignis
2545 1361 2623 1418 ibi
2657 1361 2762 1419 erit
2789 1360 2866 1420 fle

2316 1463 2408 1512 tus
2436 1462 2496 1511 et
2521 1453 2728 1513 stridor

2319 1547 2578 1606 dentium
2597 1578 2612 1593 ·
2655 1554 2692 1611 Ἰ·
2709 1548 2752 1580 ⁴⁸
2773 1547 2946 1607 Tunc

2315 1642 2448 1699 iusti
2474 1639 2778 1717 fulgebunt

2317 1736 2467 1795 sicut
2499 1735 2588 1793 sol
2615 1735 2674 1793 in
2704 1754 2808 1813 reg

2319 1846 2399 1887 no
2428 1830 2608 1905 patris
2635 1847 2838 1888 eorum
2859 1858 2874 1875 ·

2320 1921 2440 1994 Qui
2467 1922 2642 1982 habet
2673 1940 2839 1981 aures

2320 2016 2592 2076 audiendi
2625 2017 2818 2075 audiat
2835 2048 2850 2063 ·

2320 2110 2366 2144 ⁴⁴
2384 2109 2602 2169 Iterum
2631 2110 2816 2170 simile
2843 2120 2930 2171 est

2320 2222 2567 2280 regnum
2595 2204 2830 2264 caelorii

2295 2297 2639 2371 ⁴thensauro
2667 2300 2743 2357 ab

2297 2418 2587 2491 'scondito
2611 2430 2674 2488 in
2701 2448 2844 2506 agro
2865 2462 2880 2477 ·

2319 2542 2494 2601 quem
2528 2527 2626 2602 qui
2659 2524 2877 2584 inuenit

2319 2617 2499 2679 homo
2527 2619 2833 2679 abscondit
2853 2649 2868 2664 ·

2317 2722 2375 2771 et
2403 2730 2539 2788 prae
2569 2712 2785 2789 gaudio
2812 2712 2890 2770 illi

2317 2825 2387 2866 us
2415 2806 2589 2865 uadet
2613 2817 2672 2865 et
2698 2807 2799 2865 uni

2317 2918 2486 2960 uersa
2514 2918 2627 2977 que
2657 2901 2832 2960 habet

2317 2994 2532 3054 uendet
2606 3004 2664 3053 et
2691 3007 2845 3053 emet

2319 3105 2523 3164 agrum
2555 3088 2718 3147 illum
2743 3120 2756 3134 ·

2319 3182 2364 3214 ⁴⁶
2381 3181 2602 3241 Iterum
2629 3181 2816 3241 simile
2843 3192 2932 3241 est

2319 3292 2565 3350 regnum
2595 3276 2890 3335 caeloru‘·

2318 3369 2542 3428 homini
2570 3370 2770 3444 negoti

2317 3463 2435 3521 anti
2463 3464 2725 3540 querenti

2317 3557 2504 3616 bonas
2530 3557 2779 3632 margati

2316 3659 2404 3710 tas
2422 3681 2437 3696 ·
2481 3651 2525 3684 ⁴⁶
2541 3650 2639 3727 qui
2666 3652 2859 3710 inueta
2885 3669 2926 3708 u

2315 3763 2394 3802 na
2420 3745 2672 3820 pretiosa
2701 3762 2826 3803 mar

2313 3838 2496 3914 garita
2519 3868 2533 3883 ·
2597 3838 2732 3896 abiit
2799 3849 2856 3897 et

2313 3931 2572 3991 uendidit
2599 3933 2798 3991 omnia

2314 4043 2464 4102 quae
2492 4025 2691 4084 habuit
2719 4035 2776 4086 et
2803 4045 2838 4085 e

2313 4121 2419 4178 mit
2447 4119 2602 4178 illam
2626 4151 2640 4166 ·
2682 4121 2726 4152 ⁴⁷
2749 4118 2836 4179 Ite

2312 4231 2442 4273 rum
2471 4213 2654 4274 simile
2687 4224 2776 4274 est

3393 347 3564 413 [xm.
3585 364 3783 416 30—54.

3077 508 3352 588 Regnum
3380 512 3678 571 caeloru’·

3073 604 3179 664 reti
3207 606 3392 665 misso
3424 606 3484 664 in
3513 624 3613 665 ma

3072 699 3118 755 ri
3143 730 3157 745 ·
3217 700 3380 777 quod
3408 719 3484 760 ex
3511 718 3612 759 om

3073 812 3148 852 ne
3178 811 3393 870 genere
3424 795 3571 871 pisci

3070 905 3173 946 um
3202 887 3436 965 collegit
3459 920 3474 935 ·

3069 980 3114 1013 ⁴⁸
3133 980 3285 1041 Cum
3315 992 3510 1041 autem
3543 990 3698 1041 esset

3067 1074 3372 1151 impletum
3393 1106 3408 1121 ·
3471 1075 3626 1135 edux

3069 1179 3239 1228 erunt
3266 1169 3343 1229 ad
3367 1170 3504 1229 litus
3531 1201 3546 1216 ·

3071 1261 3148 1321 Et
3177 1262 3446 1323 sedentes
3473 1263 3638 1341 elege

3071 1364 3204 1415 runt
3232 1356 3424 1415 bonos
3452 1357 3512 1415 in
3541 1374 3618 1417 ua

3071 1451 3150 1509 sis
3228 1468 3415 1527 nugas
3443 1460 3618 1511 aute’·

3071 1543 3210 1603 foris
3238 1544 3516 1605 miserunt
3537 1576 3552 1592 ·

3069 1638 3116 1671 ⁴⁹
3135 1636 3229 1697 Sic
3258 1638 3362 1697 erit
3389 1638 3448 1697 in
3477 1650 3703 1699 consu-

3071 1733 3328 1791 matione
3358 1733 3571 1793 saeculi
3595 1764 3610 1780 ·

3073 1824 3331 1885 Exibunt
3358 1826 3550 1903 angeli
3577 1835 3638 1887 et

3073 1921 3426 1997 separabunt
3452 1938 3550 1980 ma

3070 2013 3162 2073 los
3189 2014 3263 2074 de
3291 2014 3486 2073 medio
3513 2015 3602 2074 ius

3073 2117 3266 2167 torum
3327 2108 3446 2166 ⁸⁰et
3473 2110 3580 2168 mit

3070 2210 3194 2259 tent
3221 2218 3324 2261 eos
3353 2202 3414 2259 in
3441 2201 3596 2262 cami

3070 2312 3216 2354 num
3247 2294 3400 2371 ignis
3419 2326 3432 2341 ·
3493 2296 3570 2353 ibi
3595 2314 3630 2354 e

3071 2428 3142 2486 rit
3169 2426 3338 2488 fletus
3369 2438 3428 2487 et
3455 2430 3554 2488 stri

3072 2519 3180 2582 dor
3208 2521 3467 2582 dentium
3489 2555 3550 2570 ·-

3073 2616 3115 2650 ⁸¹
3135 2616 3290 2676 Dicit
3321 2619 3402 2676 eis
3427 2617 3516 2677 ihs
3543 2618 3683 2678 intel

3073 2710 3322 2769 lexsistis
3349 2711 3458 2770 hec
3488 2731 3591 2772 om

3075 2805 3172 2863 nia
3193 2835 3208 2850 ·
3269 2805 3468 2864 dicunt
3493 2808 3549 2864 ei

3077 2899 3273 2975 utique
3302 2899 3415 2958 dfie
3436 2931 3450 2946 ·
3495 2898 3541 2932 ⁸²
3557 2911 3615 2959 et

3077 2995 3154 3052 ait
3182 2993 3292 3052 illis
3369 2993 3516 3054 Ideo
3543 3013 3644 3058 om

3077 3087 3166 3145 nis
3199 3087 3387 3148 scriba
3415 3087 3530 3148 doc

3074 3193 3168 3240 tus
3196 3181 3257 3239 in
3285 3200 3468 3258 regno
3497 3200 3602 3241 cae

3074 3276 3268 3334 lorum
3293 3307 3305 3322 ·
3360 3275 3572 3335 Similis

3075 3381 3162 3429 est
3191 3369 3412 3428 homini
3439 3371 3586 3447 patri

3075 3462 3317 3522 familias
3345 3464 3444 3540 qui

3075 3557 3289 3633 profert
3316 3556 3390 3616 de
3418 3557 3588 3617 thens

3073 3669 3216 3711 auro
3247 3669 3357 3711 suo
3386 3669 3544 3710 noua

3072 3755 3130 3804 et
3157 3754 3355 3804 uetera
3377 3776 3391 3791 ·
3415 3736 3516 3791 -Ψῗ

3029 3837 3058 3869 *
3075 3837 3120 3870 ⁶³
3136 3837 3214 3896 Et
3240 3837 3458 3898 factum
3484 3849 3572 3898 est
3600 3857 3737 3899 cum

3027 3930 3057 3965 *
3074 3943 3537 3991 consummasset

3027 4023 3162 4084 *ihs
3197 4025 3500 4102 parabolas

3069 4121 3208 4178 istas
3231 4150 3246 4165 ·
3309 4121 3522 4180 trassiit
3552 4121 3615 4178 vin

3071 4214 3145 4275 de
3167 4244 3180 4261 ·
3235 4214 3280 4246 ⁶⁴
3295 4225 3353 4274 et
3379 4215 3620 4274 ueniens

3807 534 3930 585 1¹01.
3953 534 4048 583 85.
