4373 5048
332 568 459 619 rol.
476 570 569 619 86.

372 3672 409 3734 †
427 3671 511 3722 inc

610 382 753 431 xm.
776 380 1023 445 54-X1V.
1044 375 1149 443 23.]

609 557 670 615 in
697 556 944 633 patriam
974 566 1136 617 sua*-

607 651 859 711 docebat
884 668 988 710 eos
1015 652 1075 708 in

605 746 923 822 synagogis
949 750 1089 805 eorii
1109 770 1122 783 ·

607 839 699 899 Ita
726 850 791 899 ut
810 840 1064 897 miraren

606 944 697 993 tur
774 944 833 993 et
860 932 1118 993 dicerent
1142 966 1155 980 ·

604 1027 760 1086 unde
789 1026 922 1086 huic
951 1028 1077 1103 sapi

604 1122 760 1180 entia
788 1120 933 1180 haec
964 1130 1023 1178 et
1050 1120 1137 1179 uir

604 1225 755 1275 tutes
775 1241 788 1255 ·
834 1214 881 1248 ⁶⁸
899 1213 1117 1274 Nonne

602 1308 698 1367 hic
727 1320 815 1368 est
840 1307 987 1367 fabri
1014 1307 1092 1365 fili

604 1420 675 1461 us
694 1430 707 1443 ·
754 1401 973 1461 Nonne
1002 1419 1102 1460 ma

603 1507 689 1556 ter
717 1496 840 1555 eius
867 1495 1071 1554 dicitur

604 1591 787 1650 maria
808 1626 821 1640 ·
863 1600 923 1649 et
948 1589 1034 1648 fra

603 1695 720 1745 tres
749 1685 871 1743 eius
898 1684 1027 1743 iaco

603 1781 714 1838 bus
742 1789 800 1839 et
827 1777 1031 1855 ioseph
1052 1810 1065 1824 ·

604 1872 681 1933 Et
709 1874 901 1934 simon
928 1882 986 1931 et
1013 1870 1177 1930 iudas
1197 1907 1211 1921 ·

602 1966 649 2001 ⁸⁸
665 1966 743 2026 Et
770 1984 997 2027 sorores
1024 1966 1147 2024 eius

605 2078 803 2121 nonne
830 2077 1037 2119 omnes
1065 2077 1101 2118 a

603 2154 724 2232 pud
754 2172 862 2214 nos
896 2164 1057 2213 sunt·

600 2248 758 2307 unde
786 2267 927 2325 ergo
954 2242 1087 2307 huic

602 2344 802 2403 omnia
828 2343 936 2400 ista
955 2379 969 2393 ·
1026 2342 1071 2375 ⁵⁷
1086 2340 1165 2400 Et

653 2450 799 2491 *1111
834 2437 1067 2487 calendas
1088 2438 1304 2487 sebtem-

604 2504 718 2554 bres
785 2504 1029 2569 pustridie
1096 2502 1304 2554 iohanni

603 2571 834 2635 bapteste

603 2653 1143 2714 scandalizabantur

604 2747 665 2806 in
694 2765 767 2806 eo
784 2773 798 2788 ·
843 2747 932 2806 ihs
959 2757 1136 2806 aute*

604 2840 747 2900 dixit
772 2840 856 2899 eis
935 2859 1057 2901 non
1086 2853 1172 2902 est

603 2933 826 3013 profeta
855 2934 977 2994 sine
1006 2933 1085 2996 ho

606 3047 749 3089 nore
778 3029 889 3088 nisi
914 3028 975 3086 in
1004 3048 1081 3107 pa

604 3123 711 3182 tria
737 3141 843 3184 sua
871 3133 928 3181 et
954 3123 1013 3182 in
1044 3123 1121 3184 do

604 3234 705 3277 mo
733 3234 837 3276 sua
857 3243 870 3256 ·
914 3216 1106 3277 “ideo

604 3329 726 3370 non
754 3309 889 3370 fecit
913 3311 992 3369 ibi
1019 3310 1107 3369 uir

606 3413 753 3463 tutes
779 3404 991 3462 multas
1009 3429 1022 3442 ·

604 3508 841 3576 propter
868 3499 1027 3558 incre

603 3592 903 3652 dulitatem
930 3591 1029 3653 illo

604 3705 767 3745 rum·
826 3684 1225 3747 †14.¹1ni110

602 3789 866 3857 tempore
895 3781 1028 3839 audi
1070 3818 1187 3868 lecti
1192 3813 1307 3870 0⁵31

605 3875 689 3933 uit
715 3873 961 3934 herodes
982 3883 1039 3933 te
1074 3885 1307 3934 iohannis

606 3967 839 4027 narcha
867 3966 1023 4026 fama
1070 3950 1301 4016 bapteste

606 4061 707 4120 ihu
725 4092 739 4106 ·
782 4058 804 4091 ²
820 4071 878 4120 et
906 4061 984 4120 ait
1009 4078 1123 4137 pue

607 4154 685 4214 ris
713 4155 831 4213 suis
908 4152 1027 4214 Hic
1056 4164 1145 4213 est

605 4248 888 4309 iohannes
914 4248 1105 4325 baptis

608 4354 667 4402 ta
685 4369 699 4384 ·
743 4343 867 4420 ipse
897 4342 1139 4402 surrexit

608 4455 645 4496 a
672 4436 913 4497 mortuis
934 4462 947 4478 ·
992 4446 1052 4495 et
1076 4435 1211 4495 ideo

1860 360 1997 422 MA
2013 345 2360 421 TTHEU·

1358 553 1595 612 uirtutes
1623 570 1845 629 operan

1362 657 1451 706 tur
1479 647 1541 704 in
1568 665 1643 705 eo
1663 673 1675 685 ·
1720 646 1741 679 ³
1760 643 1858 703 He

1360 740 1530 799 rodes
1556 740 1712 798 enim
1741 750 1879 799 tenu

1360 833 1404 892 it
1430 833 1748 893 iohannem
1776 843 1835 892 et
1863 832 1919 890 al

1360 926 1559 1003 ligauit
1585 936 1643 985 et
1670 926 1824 985 misit

1362 1037 1498 1078 eum
1525 1022 1586 1077 in
1616 1030 1912 1079 carcare‘·

1361 1112 1604 1190 Propter
1632 1112 1831 1173 herodi

1360 1206 1535 1265 adam
1564 1225 1810 1267 uxorem

1359 1300 1598 1378 philippi
1628 1300 1814 1361 fratris

1360 1396 1446 1453 sui
1465 1421 1478 1435 ·
1525 1398 1547 1428 ⁴
1567 1393 1815 1454 Dicebat
1842 1400 1939 1454 eni

1358 1488 1434 1547 illi
1462 1488 1731 1549 iohannis
1760 1522 1773 1535 ·
1820 1506 1944 1547 non

1356 1582 1493 1641 licet
1521 1583 1622 1641 tibi
1648 1582 1861 1641 habere

1358 1694 1491 1735 eam
1511 1705 1524 1721 ·
1568 1674 1683 1734 ¹⁵Et
1709 1675 1913 1736 uolens

1358 1770 1522 1828 illum
1550 1769 1814 1829 occidere

1358 1864 1547 1923 timuit
1573 1864 1855 1940 populum
1876 1902 1889 1916 .
1932 1896 1939 1902 -

1360 1959 1494 2035 quia
1521 1958 1687 2035 quasi
1714 1958 1878 2035 profe

1281 2118 1285 2121 ,
1359 2062 1479 2111 tam
1507 2070 1643 2110 eum
1669 2051 1966 2111 habebant
1984 2089 1997 2103 ·

1358 2146 1380 2178 ⁸
1396 2144 1507 2205 Die
1537 2156 1730 2205 autem
1761 2147 1967 2205 natalis

1358 2238 1588 2299 herodis
1611 2267 1624 2280 ·
1670 2240 1815 2299 salta

1353 2334 1437 2392 uit
1463 2333 1639 2393 filiam
1668 2333 1867 2395 herodi

1358 2649 1482 2709 adis
1510 2650 1571 2707 in
1599 2649 1792 2709 medio
1822 2651 1891 2708 tri

1360 2744 1532 2803 clinio
1600 2752 1658 2800 et
1685 2742 1899 2819 placuit

1360 2836 1560 2896 herodi
1579 2863 1592 2877 ·
1638 2837 1663 2870 ⁷
1676 2837 1831 2896 unde

1358 2948 1496 2990 cum
1526 2931 1851 2992 iuramento

1358 3024 1642 3102 pollicitus
1669 3035 1756 3084 est
1783 3027 1834 3084 ei
1862 3026 1939 3086 da

1358 3138 1418 3179 re
1447 3117 1855 3196 quodcumque

1358 3213 1703 3290 postulasset
1731 3216 1806 3273 ab
1834 3232 1937 3274 eo·

1356 3306 1378 3340 ⁸
1396 3306 1477 3365 At
1503 3305 1599 3364 illa
1625 3308 1985 3383 praemonita

1357 3420 1392 3461 a
1420 3411 1605 3460 matre
1633 3412 1732 3461 sua
1758 3401 1899 3461 dixit
1917 3429 1931 3444 ·

1357 3495 1433 3554 da
1461 3494 1633 3554 mihic‘:
1664 3494 1757 3555 hic
1785 3497 1845 3554 in
1874 3496 1964 3556 dis

1357 3607 1463 3648 co·
1508 3587 1692 3666 kaput
1718 3589 1895 3651 iohan

1358 3683 1447 3742 nis
1474 3684 1755 3760 baptistae
1778 3711 1791 3724 ·

1357 3777 1380 3810 ⁹
1395 3775 1471 3835 Et
1498 3778 1834 3838 contritatus
1860 3790 1949 3839 est

1357 3889 1459 3930 rex
1487 3870 1733 3931 herodes
1757 3898 1771 3911 ·

1355 3975 1593 4043 propter
1619 3966 1879 4026 iuramen

1356 4069 1481 4118 tum
1508 4068 1704 4117 autem
1731 4071 1790 4119 et
1814 4071 1954 4140 prop

1357 4164 1443 4213 ter
1472 4153 1640 4212 simul
1666 4173 1865 4215 recum

1356 4248 1562 4307 bentes
1590 4249 1751 4307 iussit
1779 4249 1904 4308 dari
1925 4283 1939 4298 ·

1355 4339 1401 4375 ¹⁰
1417 4341 1495 4402 Et
1520 4343 1754 4402 mittens
1780 4343 2004 4404 decolla

1356 4435 1439 4496 uit
1464 4436 1777 4498 iohannem
1804 4438 1867 4497 in

2168 564 2431 606 carcere·
2475 544 2519 579 ¹¹
2537 553 2595 605 et
2631 542 2710 604 ad

2169 641 2350 700 latum
2378 651 2466 701 est
2493 639 2687 717 capud

2169 736 2293 795 eius
2320 736 2382 793 in
2409 735 2575 794 disco
2646 743 2704 792 et

2166 829 2368 889 datum
2395 839 2483 888 est
2510 827 2732 905 puellae
2751 856 2764 872 ·

2167 933 2226 982 et
2255 922 2440 981 attulit
2467 921 2634 979 matri

2167 1034 2305 1075 suae
2329 1048 2344 1063 ·
2399 1013 2447 1049 ¹²
2461 1014 2540 1073 Et
2566 1033 2770 1074 accese

2166 1120 2301 1169 runt
2331 1109 2599 1186 discipuli
2625 1110 2749 1168 eius

2164 1214 2226 1263 et
2250 1204 2498 1263 tulerunt
2525 1221 2628 1263 cor

2166 1316 2278 1375 pus
2306 1298 2429 1356 eius
2456 1307 2514 1355 et
2536 1296 2692 1374 sepel

2166 1391 2376 1450 lierunt
2403 1389 2539 1449 illud
2608 1400 2666 1449 et

2166 1494 2453 1544 uenerunt
2519 1493 2578 1543 et
2603 1502 2666 1543 re

2170 1579 2582 1637 nuntiauerunt

2168 1672 2302 1731 ihu·
2347 1670 2392 1704 ¹⁸
2407 1670 2546 1743 Quo
2576 1671 2711 1730 audi

2167 1777 2232 1825 tu
2259 1766 2350 1825 ihs
2380 1766 2615 1825 secessit
2641 1766 2703 1824 in

2167 1860 2242 1919 de
2270 1861 2330 1918 in
2359 1859 2628 1918 nauicula
2647 1891 2660 1907 ·

2166 1955 2227 2013 in
2254 1954 2451 2014 locum
2478 1953 2645 2013 deser

2165 2059 2292 2108 tum
2325 2066 2587 2108 seorsum

2165 2141 2243 2202 Et
2271 2161 2408 2201 cum
2436 2142 2732 2201 audissent

2163 2237 2376 2297 turbae'
2447 2245 2676 2296 secutae

2162 2342 2298 2391 sunt
2326 2348 2463 2391 eum
2490 2348 2566 2408 pe

2162 2645 2351 2706 destre
2381 2645 2454 2706 de
2481 2647 2654 2706 ciuita

2160 2741 2314 2800 tibus
2331 2765 2344 2780 ·
2390 2740 2434 2772 ¹⁴
2451 2751 2508 2800 et
2536 2741 2768 2800 exsiens

2163 2835 2254 2894 ihs
2281 2835 2423 2894 uidit
2450 2836 2682 2894 turbam

2161 2928 2406 2988 multam
2474 2938 2533 2987 et
2558 2929 2640 2987 mi

2162 3035 2347 3083 sertus
2374 3034 2460 3082 est
2487 3041 2596 3100 pro
2623 3023 2730 3081 illis

2161 3127 2221 3176 et
2247 3117 2469 3178 curauit
2494 3117 2692 3195 langui

2163 3212 2270 3271 dos
2296 3229 2532 3271 eorum·
2645 3203 2764 3254 finet

2160 3304 2206 3339 ¹⁶
2223 3304 2480 3382 Uespere
2510 3315 2704 3364 autem
2731 3304 2822 3365 fac

2162 3411 2224 3460 to
2253 3410 2592 3460 acceserunt

2161 3494 2238 3554 ad
2265 3512 2400 3553 eum
2428 3493 2688 3570 discipuli

2160 3589 2284 3648 eius
2311 3588 2568 3647 dicentes
2587 3615 2600 3628 ·

2160 3683 2419 3742 desertus
2446 3692 2534 3740 est
2559 3681 2619 3743 lo

2161 3795 2266 3837 cus
2335 3787 2393 3836 et
2419 3775 2563 3836 hora
2588 3775 2707 3836 iam

2160 3871 2450 3949 praeteriit
2477 3871 2641 3930 dimit

2161 3976 2216 4024 te
2243 3965 2442 4025 turbas
2468 3974 2532 4023 ut
2559 3982 2676 4024 eun

2158 4071 2250 4120 tes
2277 4061 2338 4117 in
2365 4057 2599 4118 castella
2669 4123 2676 4129 ,

2158 4165 2359 4214 emant
2389 4154 2497 4212 sibi
2524 4170 2691 4213 escas
2725 4148 2730 4152 ’

2158 4248 2202 4282 ¹⁸
2219 4249 2318 4308 Ihs
2346 4259 2540 4308 autem
2568 4248 2740 4307 dixit·
2775 4281 2786 4286 -

2158 4362 2281 4404 non
2309 4343 2528 4402 habent
2554 4361 2729 4402 neces

2160 4455 2222 4497 se
2251 4437 2362 4496 ire·
2408 4435 2542 4496 date
2570 4436 2677 4497 illis
2705 4456 2812 4497 uos

3553 370 3628 438 19

2927 542 3284 605 manducare
3305 572 3318 586 ·
3346 578 3358 593 ·

2921 636 2967 671 ¹⁷
2987 637 3444 715 Responderunt
3471 642 3524 700 ei

2919 750 3040 792 non
3067 732 3350 793 habemus
3377 732 3464 794 ¹¹ic
3490 762 3504 777 ·

2920 827 3028 901 nisi
3055 828 3310 905 quinque
3338 848 3418 907 pa

2923 938 3028 981 nes
3111 934 3168 980 et
3197 923 3346 983 duos
3375 924 3464 1000 pis

2925 1032 3024 1075 ces
3044 1041 3057 1055 ·
3102 1014 3146 1049 ¹⁸
3162 1014 3240 1073 Et
3267 1018 3346 1076 ait
3373 1018 3463 1077 ihs

2923 1108 3143 1167 adferte
3171 1127 3273 1169 eos
3301 1112 3378 1169 ad

2923 1220 3019 1262 me
3041 1228 3054 1241 ·
3095 1203 3138 1237 ¹⁹
3155 1201 3232 1261 Et
3259 1222 3395 1267 cum
3423 1205 3512 1265 ius

2925 1296 3090 1355 sisset
3117 1298 3350 1356 turbam

2819 1414 2822 1417 ·
2923 1390 3284 1450 discumbere
3315 1410 3383 1450 su

2925 1503 3032 1561 pra
3060 1484 3261 1543 fenum
3282 1512 3295 1525 ·
3341 1488 3433 1545 Ac

2923 1577 3107 1655 ceptis
3135 1580 3394 1655 quinque

2920 1672 3171 1749 panibus
3237 1683 3295 1731 et
3325 1672 3404 1731 du

2921 1768 3072 1825 obus
3099 1766 3356 1843 piscibus
3375 1791 3388 1805 ·

2919 1860 3227 1937 Aspiciens
3253 1861 3314 1918 in
3343 1859 3506 1920 caelu
3524 1888 3540 1902 ·

2922 1954 3216 2014 benedixit
3243 1965 3300 2014 et
3327 1954 3412 2015 fre

2919 2049 3002 2125 git
3029 2057 3087 2107 et
3115 2048 3269 2107 dedit
3296 2048 3439 2109 disci

2919 2143 3068 2220 pulis
3095 2162 3278 2219 panes
3296 2168 3310 2181 ·
3350 2143 3440 2202 dis

2921 2237 3093 2314 cipuli
3123 2248 3317 2298 autem
3343 2247 3437 2297 tur

2921 2332 3010 2392 bis
3029 2358 3042 2373 ·
3087 2328 3132 2365 ²⁰
3146 2342 3205 2392 et
3230 2332 3523 2393 manduca

2921 2661 3130 2710 uerunt
3158 2668 3367 2710 omnes
3395 2661 3456 2710 et

2922 2745 3158 2806 saturati
3186 2755 3320 2803 sunt
3343 2771 3356 2786 ·

2920 2846 2978 2896 et
3006 2838 3273 2914 reliquias
3300 2838 3447 2900 colle

2918 2941 3126 3008 gerunt
3153 2931 3445 2993 duodeci-

2919 3025 3143 3085 coflnos
3170 3027 3376 3103 plenos
3400 3060 3413 3074 ·

2917 3116 2959 3151 '²
2977 3117 3463 3181 Manducantium
3491 3141 3568 3183 au

2919 3225 3040 3275 tem
3068 3215 3174 3274 fuit
3201 3234 3476 3279 numerus
3494 3244 3508 3260 ·

2919 3309 3176 3388 quinque
3205 3309 3362 3369 milia
3388 3311 3448 3370 ui

2917 3422 3112 3464 rorum
3129 3430 3143 3445 ·
3189 3422 3376 3482 excep

2915 3499 2990 3558 tis
3016 3499 3207 3576 pueris
3234 3508 3292 3558 et
3317 3499 3460 3559 muli

2917 3592 3146 3651 eribus·
3191 3591 3236 3624 ²²
3250 3593 3328 3652 Et
3356 3593 3531 3652 stati-

2916 3685 3005 3745 ihs
3033 3685 3194 3745 iussit
3224 3686 3449 3763 discipu

2917 3779 3005 3840 los
3039 3798 3178 3839 suos
3206 3781 3461 3841 ascende

2914 3892 2976 3932 re
3005 3874 3066 3932 in
3094 3875 3424 3934 nauiculam
3444 3907 3458 3923 ·

2910 3978 2968 4026 et
2996 3967 3341 4044 praecedere
3371 3979 3497 4029 eu-

2911 4071 3071 4123 trans
3099 4061 3308 4121 fretum
3329 4090 3343 4105 ·

2911 4155 3102 4216 donec
3129 4157 3253 4234 ipse
3280 4156 3504 4218 dimitte
3607 4183 3616 4186 ·

2907 4261 2994 4311 ret
3019 4252 3251 4312 mrbas·
3305 4249 3447 4313 ”Et
3473 4252 3534 4313 di

2909 4345 3089 4405 missa
3115 4347 3284 4406 turba
3311 4365 3378 4407 as

2911 4440 3105 4501 cendit
3131 4441 3192 4499 in
3219 4458 3366 4501 mon

3197 4591 3304 4632 D2

3655 532 3779 581 1¹01.
3797 532 3884 583 8¹7.
