4373 5048
576 349 714 400 xvi.
742 350 1014 411 27-xvn.
1040 346 1145 413 24]
1838 337 1973 397 MA
1992 327 2313 399 TTHEIJ
2335 369 2349 385 ·
3505 358 3588 429 23

2887 518 2930 553 ¹⁹
2948 519 3122 579 Tunc
3152 532 3524 583 accesserunt
3617 533 3745 586 ποι.
3769 534 3864 584 48.

2887 612 3153 690 discipuli
3181 615 3256 674 ad
3285 615 3407 675 ihm
3429 646 3446 663 ·

2887 716 3110 766 secreto
3137 718 3197 767 et
3230 708 3368 768 dixe

2886 811 3020 860 runt
3045 802 3100 861 ei
3123 832 3137 849 ·
3201 821 3380 880 quare

2887 912 2998 953 nos
3032 912 3154 955 non
3187 898 3349 973 potui

2887 1006 3019 1048 mus
3045 990 3230 1049 eicere
3257 990 3356 1051 illst
3379 1021 3393 1037 ·

2886 1079 2932 1115 ²⁰
2949 1082 3050 1141 Ihs
3077 1092 3267 1143 autem
3299 1085 3444 1144 dixit
3467 1084 3508 1143 il

2887 1174 2956 1235 lis
2981 1206 2995 1223 ·
3061 1188 3302 1255 propter
3327 1180 3388 1237 in

2887 1270 3286 1331 credulitatem

2884 1375 3140 1425 uestram
3163 1396 3178 1412 ·
3235 1366 3430 1425 Amen

2886 1457 3022 1518 dico
3049 1460 3218 1519 uobis
3249 1461 3295 1518 si
3324 1460 3401 1521 ha

2886 1551 3122 1614 bueritis
3149 1553 3326 1613 fidem

2129 517 2248 577 iam
2275 518 2435 577 uenit
2460 550 2473 564 ·
2525 526 2582 577 et
2612 538 2732 578 non

2132 623 2538 688 cognouerunt
2563 622 2700 672 eu*-

2132 704 2251 764 Sed
2278 706 2535 765 fecerunt
2560 707 2615 766 ei

2131 808 2348 875 quanta
2377 799 2682 860 uoluerunt
2705 831 2719 848 ·

2128 891 2173 927 ¹⁸
2193 893 2288 954 Sic
2317 902 2374 953 et
2403 893 2550 953 filius
2577 894 2740 955 homi

2129 988 2220 1047 nis
2248 1005 2519 1065 passurus
2545 998 2634 1048 est

2129 1083 2207 1141 ab
2233 1082 2342 1143 illis
2361 1112 2376 1129 ·
2437 1082 2612 1142 Tunc
2643 1083 2706 1143 in

2128 1175 2475 1235 tellexerunt
2501 1176 2592 1235 dis

2128 1268 2302 1346 cipuli
2332 1270 2458 1329 eius
2527 1268 2686 1347 quod

2129 1363 2204 1422 de
2231 1362 2486 1422 iohanne
2512 1364 2631 1441 bap

2128 1458 2264 1517 tista
2290 1458 2433 1516 dixit
2458 1457 2567 1516 illis
2585 1488 2600 1505 ·

2132 1556 2168 1613 †
2189 1550 2233 1583 ¹⁴
2248 1549 2326 1609 Et
2354 1569 2492 1611 cum
2519 1551 2816 1611 uenissent

1329 518 1699 577 obumbrauit
1726 536 1828 579 eos
1846 550 1861 565 ·

1327 610 1406 670 Et
1432 631 1571 671 ecce
1591 631 1713 672 uox
1734 613 1809 673 de
1837 613 1998 671 nube

1328 706 1529 766 dicens
1548 738 1563 755 ·
1622 705 1744 767 Hic
1777 716 1865 766 est

1326 799 1476 859 filius
1502 818 1670 861 meus
1700 800 1847 861 dilec

1326 901 1419 952 tus
1438 923 1453 939 ·
1512 894 1573 952 in
1600 912 1720 971 quo
1753 894 1894 954 mihi

1328 987 1479 1047 bene
1513 990 1845 1066 conplacuit
1867 1021 1883 1035 ·

1325 1082 1520 1159 ipsum
1550 1083 1743 1143 audite
1768 1114 1782 1129 ·

1327 1175 1348 1208 ⁸
1370 1174 1445 1233 Et
1472 1176 1773 1237 audientes
1799 1176 1945 1237 disci

1326 1270 1445 1347 puli
1473 1270 1804 1330 ceciderunt

1325 1364 1385 1421 in
1414 1362 1623 1423 faciem
1656 1376 1715 1424 et
1740 1365 1884 1423 timu

1324 1468 1494 1518 erunt
1520 1458 1690 1518 ualde
1714 1490 1728 1506 ·
1771 1460 1792 1492 ⁷
1810 1458 1889 1519 Et

1327 1553 1615 1613 accedens
1644 1553 1733 1613 ihs
1758 1562 1818 1612 te

287 531 410 580 ποι.
435 529 527 577 44.
575 518 901 580 secundum
918 536 1033 595 ope

574 632 639 671 ra
666 614 792 672 eius
817 644 831 659 ·
874 609 917 645 ²⁸
934 612 1129 671 Amen
1160 610 1218 669 di

572 726 647 767 co
680 707 851 767 uobis
928 717 1060 765 sunt
1086 705 1187 781 qui

573 801 717 861 dam
746 801 819 860 de
849 800 943 859 hic
974 800 1151 859 stanti

572 896 683 955 bus
710 895 807 972 qui
836 912 959 954 non
992 912 1105 971 gus

569 990 775 1049 tabunt
802 998 1047 1048 mortem
1068 1020 1083 1034 ·

571 1083 763 1142 donec
790 1083 1026 1142 uideant
1054 1082 1093 1141 fi

569 1176 713 1235 lium
747 1176 998 1236 hominis

567 1271 900 1330 uenientem
932 1270 993 1329 in
1020 1289 1125 1347 reg

571 1382 653 1423 no
680 1366 791 1423 suo
813 1395 828 1410 ·
860 1394 877 1410 ·
906 1388 989 1415 w

511 1450 544 1487 *
570 1463 668 1519 1¹7.
694 1456 805 1517 ¹Et
830 1468 963 1535 post
989 1457 1115 1518 dies
1142 1474 1243 1517 sex

510 1544 546 1584 *
573 1552 856 1611 adsumsit
889 1552 977 1609 ihs

512 1638 541 1670 *
573 1656 801 1724 petrum
834 1637 892 1705 el
918 1646 1047 1706 iaco

508 1732 544 1772 *
573 1741 712 1798 bum
739 1748 797 1798 et
824 1739 1000 1799 iohan

508 1826 544 1866 *
571 1852 707 1893 nem
735 1833 967 1893 fratrem
992 1834 1115 1892 eius
1138 1865 1155 1880 ·

568 1927 645 1987 Et
671 1928 837 1988 duxit
860 1927 991 1987 illos
1016 1928 1078 1985 in

565 2032 828 2081 montem
852 2021 1089 2081 excelsu

565 2133 829 2175 seorsum
853 2146 867 2163 ·
910 2113 933 2147 ²
948 2126 1006 2175 et
1033 2125 1187 2174 mus

1326 1647 1453 1723 tigit
1480 1664 1585 1707 eos
1612 1657 1670 1707 et
1697 1647 1839 1707 dixit
1862 1680 1877 1695 ·

1326 1742 1553 1818 Surgite
1580 1752 1639 1801 et
1664 1742 1839 1802 nolite

1323 1837 1523 1896 timere
1545 1868 1559 1883 ·
1602 1836 1624 1869 ⁸
1641 1836 1844 1896 Leuan

1322 1928 1410 1979 tes
1438 1930 1631 1977 autem
1660 1920 1867 1979 oeulos

1322 2030 1461 2072 suos
1488 2013 1784 2073 neminem

1320 2107 1588 2167 uiderunt
1614 2108 1724 2165 nisi

2133 1644 2210 1705 ad
2242 1645 2468 1705 turbam
2493 1677 2508 1692 ·
2569 1645 2756 1706 Ac⁰es

2132 1740 2205 1799 sit
2233 1739 2309 1798 ad
2336 1757 2472 1798 eum
2501 1739 2684 1799 homo
2709 1770 2723 1787 ·

2130 1833 2378 1909 genibus
2403 1850 2593 1909 prouo

2129 1926 2283 1985 lutus
2311 1936 2444 1986 ante
2473 1945 2612 1986 eum

2133 2020 2338 2079 dicens
2361 2051 2375 2067 ·
2421 2019 2464 2053 ¹⁵
2481 2020 2615 2081 Dr‘ie
2643 2022 2724 2080 mi

2130 2132 2316 2173 serere
2347 2114 2444 2175 filii
2469 2115 2584 2174 mei
2607 2146 2622 2161 ·

2887 1645 3036 1706 sicut
3063 1664 3310 1724 granum
3339 1648 3388 1707 si

2887 1741 3056 1817 napis
3079 1772 3096 1788 ·
3156 1741 3358 1801 dicetis

2887 1834 3074 1893 monti
3103 1834 3237 1895 huic
3265 1846 3394 1895 tran

2887 1928 2935 1986 si
2963 1928 3098 1988 hinc
3125 1929 3260 1989 illuc
3283 1962 3298 1977 ·
3356 1942 3414 1990 et

2885 2022 3150 2082 transibit
3171 2052 3186 2069 ·
3249 2033 3309 2083 et
3339 2026 3400 2083 ni

2885 2114 2964 2174 hil
3005 2116 3346 2193 inpossibile

2885 2210 2991 2268 erit
3017 2210 3187 2269 uobis
3204 2241 3219 2258 ·
3263 2209 3308 2245 ⁸¹
3325 2211 3464 2273 Hoc

2883 2313 3076 2363 autem
3102 2322 3288 2380 genus

1319 2202 1442 2259 ihm
1468 2201 1659 2260 solum
1684 2232 1698 2248 ·

1322 2296 1344 2328 ⁰
1361 2293 1438 2352 Et
1466 2294 1953 2355 descendentibus

2128 2208 2264 2285 quia
2292 2208 2576 2267 lunaticus
2602 2218 2692 2268 est

2127 2312 2185 2361 et
2213 2301 2367 2361 male
2392 2302 2601 2379 patitur

564 2210 845 2285 figuratus
871 2219 959 2268 est
985 2228 1063 2269 an

566 2313 625 2362 te
651 2320 755 2365 eos
774 2333 809 2380 ο,
847 2312 904 2362 et
936 2322 1001 2363 re

1320 2426 1427 2486 illis
1455 2426 1529 2486 de
1557 2436 1758 2485 monte
1784 2446 1886 2504 pre
2884 2452 3006 2494 non
3035 2435 3215 2495 ecitur
3238 2466 3253 2483 ·
3317 2438 3427 2497 nisi

1322 2521 1479 2599 cepit
1504 2522 1588 2581 eis
1614 2520 1705 2580 ihs
1732 2521 1930 2582 dicens
1952 2553 1966 2570 ·

1323 2615 1543 2673 nemini
1576 2615 1831 2674 dixeritis

2130 2432 2502 2511 Aliquotiens
2529 2434 2688 2493 enim

2128 2528 2284 2588 cadit
2301 2529 2362 2586 in
2379 2529 2577 2605 ignem
2596 2559 2610 2575 ·
2659 2538 2716 2589 et
2732 2529 2808 2588 ali
2884 2531 3241 2592 orationibus
3270 2543 3329 2591 et
3363 2533 3416 2593 ie

2128 2623 2398 2698 quotiens
2427 2621 2487 2680 in
2515 2640 2730 2698 aquam
2754 2654 2769 2669 ·
2883 2621 3052 2682 iuniis
3073 2655 3087 2670 ·
3109 2655 3124 2671 ·
3156 2656 3172 2671 ·
3201 2649 3284 2676 w

2127 2715 2172 2749 ¹⁸
2188 2715 2264 2775 Et
2283 2715 2468 2793 optuli
2493 2733 2630 2774 eum
2661 2717 2804 2778 disci
2833 2713 2864 2747 '¹
2883 2713 2926 2750 ²²
2943 2717 3440 2780 Conuersantibus

2129 2808 2280 2886 pulis
2308 2810 2422 2868 tuis
2479 2821 2538 2870 et
2565 2830 2686 2871 non
2836 2806 2866 2840 *
2890 2820 3084 2870 autem
3111 2811 3250 2889 ipsis
3283 2813 3345 2871 in

2129 2913 2432 2980 potuerunt
2457 2905 2643 2964 eicere
2837 2902 2866 2935 *
2887 2904 3155 2981 galileam
3175 2937 3190 2952 ·
3255 2907 3398 2966 dixit

2128 3015 2266 3056 eum
2283 3027 2298 3042 ·
2340 2996 2386 3030 ¹⁷
2405 2995 2653 3073 Respon
2838 2994 2868 3028 '⁸¹
2889 2997 2996 3057 illis
3021 2999 3113 3060 ihs
3135 3030 3149 3046 ·
3213 2999 3340 3058 futu

2128 3090 2276 3150 dens
2303 3101 2464 3149 autm
2489 3091 2578 3149 ihs
2837 3089 2866 3124 *
2886 3110 3016 3152 rum
3042 3103 3129 3152 est
3155 3104 3218 3153 ut
3247 3094 3326 3152 fili

2129 3185 2272 3244 dixit
2291 3215 2304 3230 ·
2347 3203 2388 3244 o
2409 3215 2424 3230 ·
2467 3202 2683 3260 genera
2837 3183 2867 3218 *
2885 3203 2955 3245 us
2983 3185 3237 3246 hominis
3257 3195 3346 3248 tra

2128 3278 2210 3338 tio
2237 3279 2586 3338 incredibilis
2605 3306 2618 3321 ·
2833 3277 2863 3311 '⁸
2884 3278 3050 3339 datur
3075 3281 3138 3338 in
3165 3297 3378 3340 manus

572 2432 863 2509 splenduit
888 2434 1065 2493 facies

571 2528 697 2584 eius
726 2527 875 2586 sicut
900 2529 987 2586 sol
1012 2557 1024 2572 ·

572 2617 937 2678 Uestimenta
966 2629 1159 2679 autern

568 2713 693 2772 eius
714 2713 867 2773 facta
894 2725 1029 2773 sunt
1321 2709 1513 2768 uisum
1536 2739 1551 2756 ·
1611 2709 1801 2769 donec
1824 2711 1865 2768 fi

566 2807 700 2866 alba
728 2808 873 2867 sicut
898 2807 1095 2866 lumen
1116 2851 1131 2866 .
1322 2802 1431 2861 lius
1460 2802 1717 2863 hominis
1745 2823 1781 2862 a

566 2900 588 2932 ⁸
605 2900 683 2959 Et
709 2920 849 2961 ecce
879 2911 1272 2978 apparuerunt
1324 2899 1563 2957 mortuis
1592 2915 1751 2958 resur

566 2995 651 3054 eis
682 3013 918 3072 moyses
944 3005 1001 3054 et
1030 2995 1105 3054 he
1322 3001 1458 3068 gat·
1502 2991 1546 3024 ¹⁰
1567 2990 1645 3050 Et
1672 2992 1885 3053 interro

563 3088 669 3148 lias
695 3089 1028 3166 conloquen
1320 3097 1605 3162 gauerunt
1630 3104 1764 3146 eum

564 3193 650 3242 tes
680 3201 817 3242 cum
842 3201 918 3244 eo
936 3213 950 3230 ·
1320 3180 1586 3256 discipuli
1611 3181 1735 3240 eius
1762 3181 1821 3242 di

565 3279 588 3310 ⁴
605 3275 995 3352 Respondens
1016 3285 1193 3336 aute*
1211 3307 1225 3324 ·
1322 3284 1522 3333 centes
1541 3305 1555 3321 ·
1616 3274 1756 3352 quid
1784 3293 1847 3334 er

566 3381 763 3446 petrus
792 3371 935 3429 dixit
961 3371 1038 3430 ad
1320 3385 1400 3444 go
1430 3368 1653 3428 scribae
1681 3368 1881 3427 dicunt
1902 3399 1918 3417 ·
2126 3383 2184 3430 et
2213 3391 2484 3450 peruersa
2507 3405 2522 3419 ·
2582 3392 2703 3450 quo
2883 3373 3189 3434 hominum
3265 3375 3310 3410 ¹⁸
3326 3384 3384 3434 et
3409 3393 3484 3435 oc

565 3463 687 3521 ihm
706 3495 721 3510 ·
783 3463 901 3522 dne
929 3465 1089 3524 bonfi
1321 3461 1479 3538 quod
1507 3461 1718 3521 heliam
1746 3473 1887 3538 opor
2124 3484 2308 3542 usque
2335 3485 2440 3524 ero
2467 3467 2636 3526 uobis
2881 3467 3078 3527 cident
3105 3485 3242 3528 eum
3314 3479 3373 3528 et

564 3566 653 3616 est
682 3576 791 3618 nos
819 3557 915 3616 hic
946 3575 1075 3617 esse
1318 3565 1399 3614 tet
1425 3555 1621 3614 uenire
1647 3555 1839 3632 primii
1862 3587 1876 3602 ·
2124 3577 2262 3620 cum
2281 3590 2296 3605 ·
2353 3577 2540 3638 usque
2573 3577 2692 3637 quo
2880 3571 3014 3638 post
3040 3562 3268 3620 tertium
3296 3562 3355 3621 di

566 3650 627 3710 Si
654 3652 743 3710 uis
774 3650 1054 3710 faciamus
1088 3652 1181 3712 hic
1316 3647 1359 3680 ¹¹
1378 3649 1477 3708 Ins
1505 3659 1699 3708 autem
1728 3667 1953 3726 respon
2126 3653 2312 3732 patiar
2331 3671 2442 3712 uos
2467 3685 2481 3700 ·
2541 3653 2630 3712 Af
2879 3673 2977 3714 em
3010 3666 3265 3732 resurget
3283 3689 3297 3704 ·

562 3744 671 3804 tria
698 3744 1073 3803 tabernacula
1090 3777 1104 3791 ·
1316 3743 1463 3801 dens
1489 3742 1649 3801 dixit·
1666 3743 1777 3801 illis
1798 3775 1811 3789 ·
2114 3747 2266 3806 {erte
2295 3746 2437 3806 mihi
2464 3747 2624 3806 illum
2878 3759 2938 3808 et
2964 3751 3281 3810 contristati
3308 3761 3444 3812 sunt

562 3839 668 3898 tibi
696 3855 881 3896 unum
903 3869 918 3884 ·
976 3848 1035 3896 et
1060 3857 1162 3898 mo

560 3933 649 4010 ysi
676 3949 863 3990 unum
886 3963 901 3978 ·
961 3941 1018 3990 et
1044 3942 1211 3990 unu-

560 4025 745 4084 heliae
768 4057 781 4072 ·
826 4025 848 4058 ⁶
862 4025 1077 4084 Adhuc

561 4137 635 4178 eo
664 4119 938 4195 loquente
962 4151 977 4166 ·
1042 4137 1183 4179 ecce

560 4214 733 4274 nubis
760 4211 951 4272 lucida
976 4245 1073 4260 ·-—

1316 3835 1519 3896 Helias
1548 3836 1785 3914 quidem
1812 3855 1925 3896 uen

1318 3941 1478 3988 turus
1505 3940 1592 3988 est
1618 3931 1853 4005 primu·-

1320 4033 1377 4084 et
1398 4024 1651 4082 restituet
1677 4042 1778 4082 orn

1320 4119 1417 4177 nia
1434 4149 1449 4164 ·
1493 4116 1539 4152 ¹¹
1556 4116 1690 4177 dico
1717 4128 1913 4179 autern

1318 4211 1487 4272 uobis
1509 4242 1524 4259 ·
1588 4218 1731 4290 qiim
1760 4213 1941 4275 helias

2126 3841 2242 3900 huc
2262 3871 2277 3886 ·
2321 3839 2364 3873 ¹⁸
2379 3849 2438 3899 et
2465 3841 2704 3918 increpa

2124 3935 2210 3994 uit
2235 3953 2372 3993 eum
2405 3934 2494 3992 ihs
2519 3965 2532 3981 ·
2593 3944 2651 3994 et
2678 3936 2772 3994 exi

2124 4030 2168 4087 it
2196 4029 2273 4087 ab
2299 4046 2373 4088 eo
2406 4028 2780 4088 daemonia--

2125 4133 2183 4182 et
2211 4133 2442 4182 curatus
2467 4133 2558 4182 est
2585 4141 2666 4201 pu

2125 4235 2188 4277 er
2215 4235 2290 4277 ex
2316 4215 2410 4276 illa
2439 4215 2584 4277 hora
2605 4229 2668 4300 ζ

2879 3842 3252 3902 uehementer
3273 3875 3288 3890 ·

2879 3933 2924 3968 ’⁴
2944 3937 3098 3997 Cum
3125 3938 3380 3999 uenisset
3407 3957 3482 3998 au

2879 4039 3002 4089 tem
3029 4030 3090 4088 in
3119 4049 3376 4108 caperna

2880 4142 2981 4183 um
3011 4155 3026 4172 ·
3126 4126 3384 4187 Accesse

2878 4229 3014 4279 runt
3039 4219 3138 4297 qui
3167 4219 3372 4298 didrag-
