4373 5048
772 312 863 393 56
2040 297 2512 375 SECUNDU-

478 494 601 543 ποι.
624 492 747 542 281:
771 492 913 564 qt'im
942 484 1235 546 eiecerunt
1264 494 1393 544 eu*
1522 496 1579 544 et
1608 504 1754 545 oues
1781 502 1991 546 uocem
2020 486 2145 545 eius

770 580 925 639 foras
995 590 1055 639 et
1081 580 1307 640 inuenit
1522 581 1765 639 audiunt
1782 612 1796 626 ·
1861 588 1919 638 et
1946 598 2081 639 suas
2110 599 2151 640 o

768 692 906 734 eum
933 684 994 734 et
1022 675 1166 734 dixit
1192 676 1246 733 ei
1271 705 1285 720 ·
1330 672 1430 732 Tu
1522 674 1748 734 uiculas
1772 684 1950 734 uocat
1978 692 2059 734 no

767 768 959 828 credis
988 770 1049 827 in
1078 768 1261 827 filium
1290 767 1351 826 di
1371 798 1386 813 ·
1522 769 1788 829 minatim
1869 778 1927 827 et
1953 786 2063 846 pro

766 862 811 896 ⁸⁸
830 862 1160 939 Respondit
1184 863 1263 920 illi
1291 871 1349 921 et
1371 861 1469 921 dix
1523 863 1683 923 ducit
1705 862 1831 923 illas
1851 895 1865 910 ·
1910 863 1932 895 ⁴
1952 863 2104 923 Cum
2126 881 2205 922 au

766 956 811 1016 it
830 988 847 1003 ·
909 957 1039 1033 quis
1067 966 1157 1015 est
1183 957 1295 1015 dfie
1324 965 1389 1015 ut
1520 967 1639 1016 tem
1666 974 1811 1017 oues
1840 975 1975 1015 suas
2002 958 2091 1017 eie

765 1050 1003 1109 credam
1030 1051 1092 1108 in
1126 1050 1286 1108 illum
1309 1082 1324 1097 ·
1520 1052 1662 1110 cerit
1691 1061 1824 1111 ante
1854 1052 2012 1128 ipsas

764 1144 809 1177 av
818 1143 983 1203 Dixit
998 1155 1194 1204 autem
1223 1144 1311 1203 ihs
1332 1152 1393 1203 et
1410 1144 1471 1202 ui
1520 1145 1682 1203 uadit
1700 1176 1713 1191 ·
1775 1156 1834 1203 et
1861 1145 2129 1204 ouiculae

765 1238 899 1298 disti
923 1257 1059 1298 eum
1141 1248 1199 1297 et
1226 1240 1327 1315 qui
1355 1238 1415 1298 lo
1518 1240 1679 1297 illum
1708 1251 1979 1299 secuntur
2002 1270 2016 1285 ·

766 1334 959 1410 quitur
986 1344 1179 1393 tecum
1206 1333 1333 1411 ipse
1520 1333 1659 1411 quia
1685 1333 1877 1393 sciunt
1905 1334 2029 1393 eius
2057 1352 2136 1394 uo

766 1438 856 1487 est
878 1458 891 1474 ·
958 1428 1001 1460 ³⁸
1019 1427 1123 1487 Ille
1153 1438 1348 1487 autem
1520 1446 1653 1486 cem
1678 1458 1693 1474 ·
1753 1427 1776 1460 ⁶
1793 1428 2071 1486 Alienum
2098 1445 2173 1487 au

474 1524 742 1593 procedent
767 1522 911 1582 dixit
940 1522 1120 1582 credo
1147 1522 1261 1582 dt‘ie
1286 1554 1302 1569 ·
1362 1531 1421 1581 et
1520 1531 1640 1581 tem
1668 1539 1791 1581 non
1820 1532 2095 1581 secuntur

764 1615 1196 1675 adorauit.eum
1226 1647 1240 1662 ·
1267 1648 1281 1663 ·
1348 1612 1468 1664 sinet
1521 1614 1625 1675 sed
1654 1614 1883 1691 fugiunt
1908 1616 1984 1674 ab
2012 1633 2086 1675 eo
2106 1646 2120 1661 ·

763 1708 925 1774 8⁹·i·Et
943 1710 1091 1768 dixit
1108 1710 1223 1768 ihs·
1268 1711 1331 1768 in
1348 1710 1468 1769 iudi
1519 1710 1657 1786 quia
1685 1720 1789 1767 n⁰¹²
1817 1718 2146 1786 agnoscunt

764 1804 859 1863 cio
888 1822 1003 1880 ego
1030 1804 1165 1862 ueni
1192 1803 1255 1861 in
1287 1802 1445 1863 hunc
1519 1821 1733 1863 uocem
1762 1804 2021 1863 extranei
2040 1833 2055 1849 ·
2081 1836 2096 1849 ·

765 1898 1052 1956 mundum
1136 1907 1203 1955 ut
1229 1900 1331 1974 qui
1519 1897 1542 1931 ⁸
1559 1897 1697 1957 Hoc
1726 1898 2103 1974 prouerbium

766 2008 891 2049 non
918 1991 1121 2051 uident
1148 1991 1287 2050 uide
1523 1990 1664 2050 dixit
1690 1991 1799 2050 illis
1828 1991 1917 2051 ihs
1942 2023 1955 2038 ·
1980 1990 1989 2001 '
2018 1992 2097 2049 illi

766 2094 869 2143 ant
886 2115 901 2131 ·
962 2094 1022 2144 et
1047 2085 1149 2161 qui
1177 2084 1378 2143 uident
1519 2094 1715 2144 autem
1742 2103 1866 2144 non
1894 2103 2095 2161 cogno

764 2179 927 2238 caeci
956 2178 1097 2237 fiant
1120 2210 1135 2225 ·
1176 2177 1223 2212 ⁴⁰
1237 2178 1315 2238 Et
1340 2198 1415 2239 au
1518 2187 1725 2237 uerunt
1752 2196 1899 2255 quae
1928 2188 2120 2238 essent

766 2273 996 2332 dierunt
1024 2292 1097 2333 ex
1128 2272 1348 2333 fariseis
1518 2291 1632 2350 que
1660 2272 1887 2333 locutus
1914 2284 2001 2333 est
2028 2274 2112 2331 eis

766 2403 914 2464 haec
938 2436 955 2451 ·
1003 2405 1103 2482 qui
1132 2423 1268 2465 cum
1296 2406 1429 2484 ipso
1518 2404 1541 2437 ⁷
1558 2403 1721 2463 Dixit
1750 2422 1891 2481 ergo
1918 2406 2002 2464 eis
2031 2406 2179 2465 iterii

763 2508 929 2559 erant
957 2509 1015 2559 et
1041 2500 1317 2560 dixerunt
1520 2498 1609 2557 ihs
1629 2530 1643 2545 ·
1702 2516 1875 2558 amen
1903 2518 2076 2559 amen

765 2595 818 2654 ei
843 2625 858 2641 ·
917 2594 1202 2673 numquid
1228 2605 1286 2653 et
1316 2613 1427 2655 nos
1520 2592 1655 2652 dico
1683 2594 1856 2654 uobis
1938 2596 2075 2671 quia
2103 2613 2220 2673 ego

767 2687 928 2748 caeci
956 2707 1159 2748 sumus
1182 2719 1197 2736 ·
1240 2688 1284 2723 ⁴¹
1304 2690 1469 2749 Dixit
1519 2705 1651 2746 sum
1678 2687 1852 2747 ianua
1879 2690 2081 2747 ouium
2104 2719 2121 2737 ο

768 2784 853 2843 eis
881 2783 973 2841 ihs
1000 2783 1051 2843 si
1080 2783 1239 2842 caeci
1269 2784 1471 2843 essetis
1519 2782 1540 2815 ⁸
1558 2799 1764 2841 omnes
1794 2783 2117 2859 quodquod

769 2894 895 2935 non
922 2876 1209 2935 haberetis
1235 2895 1347 2953 pec
1518 2885 1807 2934 uenerunt
1832 2874 1989 2935 fures

769 2979 967 3029 catum
989 3000 1003 3015 ·
1067 2988 1226 3029 nunc
1256 2975 1391 3029 aute
1522 2978 1657 3027 sunt
1684 2977 1743 3027 et
1769 2969 2025 3030 latrones
2045 3003 2059 3018 ·

772 3063 960 3123 dicitis
988 3065 1125 3138 quia
1152 3063 1419 3124 uidemus
1525 3064 1628 3120 sed
1657 3080 1779 3121 non
1808 3065 2115 3124 audierunt

770 3167 1077 3234 peccatum
1103 3163 1297 3216 uestri-1
1525 3174 1629 3215 eos
1658 3175 1803 3216 oues
1822 3189 1836 3203 ·
1879 3159 1900 3191 ⁹
1917 3158 2051 3235 Ego
2074 3165 2142 3218 sii

813 3277 896 3305 *a
936 3261 1137 3309 manet
1177 3277 1261 3304 ω
1525 3251 1699 3309 ianua
1719 3281 1733 3296 ·
1783 3268 1888 3327 per
1904 3270 1999 3310 me
2022 3253 2069 3310 si
2091 3254 2224 3332 quis

716 3349 747 3382 *
769 3351 870 3406 10.
898 3343 1116 3403 ¹Amen
1148 3362 1322 3403 amen
1340 3344 1475 3403 dico
1525 3343 1805 3402 introierit
1832 3346 2055 3405 saluabi

711 3445 741 3480 *
771 3439 943 3498 uobis
1030 3438 1129 3515 qui
1159 3455 1281 3496 non
1311 3439 1373 3497 in
1525 3447 1618 3495 tur
1642 3467 1656 3482 ·
1722 3447 1778 3494 et
1805 3439 2062 3499 introibit

714 3541 745 3577 *
772 3541 884 3592 trat
910 3550 1019 3608 per
1046 3533 1285 3590 ianuam
1523 3539 1581 3589 et
1608 3531 1764 3589 exiet
1790 3541 1847 3590 et
1874 3550 2095 3608 pascua

715 3633 747 3669 ⁸²
771 3628 833 3685 in
861 3626 1106 3686 cohorte
1135 3627 1339 3685 ouium
1524 3624 1779 3682 inueniet
1804 3655 1819 3670 ·
1862 3624 1909 3657 ¹⁰
1931 3625 2045 3686 Fur
2072 3646 2196 3687 non

715 3730 747 3766 ³⁸¹
772 3721 880 3780 sed
908 3720 1169 3779 ascendit
1198 3720 1355 3779 aliun
1525 3718 1719 3775 ueniet
1746 3719 1859 3778 nisi
1886 3728 1949 3778 ut
1978 3719 2101 3780 fure

718 3829 749 3865 *
775 3814 850 3873 de
933 3813 1028 3872 ille
1058 3811 1148 3871 fur
1177 3824 1267 3873 est
1294 3823 1351 3872 et
1378 3813 1435 3872 la
1526 3822 1617 3870 tur
1646 3821 1704 3870 et
1732 3814 1966 3873 occidat
1992 3825 2051 3872 et
2076 3832 2183 3892 per

772 3917 863 3966 tro
886 3938 903 3954 ·
962 3905 1101 3983 ”qui
1130 3916 1325 3966 autem
1353 3908 1415 3966 in
1526 3905 1629 3964 dat
1652 3937 1667 3952 ·
1728 3906 1861 3984 Ego
1889 3909 2025 3967 ueni
2050 3919 2114 3967 ut
2142 3909 2204 3967 ui

773 4011 887 4059 trat
914 4019 1019 4077 per
1043 4002 1281 4059 ianuam
1526 4009 1649 4058 tam
1678 4000 1934 4060 habeant
1961 4013 2017 4060 et
2045 4001 2123 4061 ha

774 4094 869 4154 hic
900 4103 1099 4171 pastor
1118 4105 1205 4153 est
1224 4095 1413 4154 ouiu‘·
1432 4126 1448 4142 ·
1525 4094 1881 4154 bundantius
1907 4095 2057 4155 habe

773 4190 795 4223 ⁸
814 4190 950 4249 huic
978 4190 1244 4251 ostiarius
1271 4190 1455 4267 aperit
1528 4199 1632 4248 ant
1646 4219 1687 4235 ··
1708 4187 1867 4266 1¹ego
1884 4207 2013 4250 sum
2030 4199 2229 4268 pastor

3385 317 3502 382 [IX.
3521 320 3703 384 35-X.
3729 334 3808 370 11.

4349 4346 4362 4496 ’Ἵ-
