4373 5048
777 309 859 378 72
2086 284 2495 349 SECUND·
3409 283 3574 348 [xxr.
3597 286 3718 336 8-1.
3739 300 3788 349 ⁴-
3861 240 3874 249 ’

413 482 737 535 1¹01.240A.
771 467 893 547 puli
910 498 925 515 ·
984 464 1223 544 nauigio
1249 482 1293 524 u
2333 452 2595 515 recubuit
2621 453 2681 512 in
2707 470 2859 513 cena

772 571 909 622 runt
932 592 947 609 ·
1010 579 1136 620 non
1162 578 1197 620 e
2337 567 2512 626 supra
2540 556 2742 625 pectus
2769 546 2919 604 illius

772 665 898 715 erat
926 656 1102 733 longe
2337 640 2416 700 Et
2443 642 2589 701 dixit
2616 641 2732 700 diie
2761 639 2892 717 quis
2919 645 3009 698 est

775 748 892 809 Sed
922 750 1089 827 quasi
1116 767 1193 810 cu
2339 736 2438 815 qui
2465 735 2658 813 prodit
2684 744 2743 793 te
2761 764 2776 779 ·
2801 764 2816 781 ·
3087 795 3172 821 m
3246 794 3330 825 m
3395 796 3478 819 m
3546 796 3627 824 Φ
3706 793 3794 823 o·

774 843 1043 903 docentis
2337 826 2382 864 ²²
2403 828 2584 888 Hunc
2612 846 2755 905 ergo
2783 837 2850 885 ut
2873 826 3018 886 uidit

774 946 865 997 tes
892 937 1001 996 reti
2337 932 2534 999 petrus
2615 922 2752 981 dicit
2779 921 2856 980 ad
3192 948 3651 1009 SECUNDUM
3670 983 3684 998 ,
3813 928 3944 977 1¹01.
3973 928 4065 975 88.

775 1031 798 1065 ⁹
816 1030 901 1091 Ut
928 1047 1073 1109 ergo
2339 1015 2462 1074 ihm
2491 1017 2606 1076 d1'1e
2637 1048 2649 1062 ·
2681 1016 2778 1075 hic
2805 1019 2939 1074 aute

775 1135 870 1185 ate
2339 1109 2512 1187 quid·
2571 1105 2771 1169 ”dicit
2798 1107 2878 1167 illi
3066 1102 3531 1166 IOHANNEM
3558 1102 3721 1163 EXP
3763 1101 3794 1184 ς

776 1238 807 1279 r
2340 1202 2430 1261 ihs
2459 1202 2507 1261 si
2535 1201 2696 1260 illum
2722 1202 2858 1262 uolo

3321 1258 3562 1321 AMEN

2339 1314 2639 1356 remanere
2667 1296 2809 1355 dum

2340 1392 2519 1449 uenio
2549 1390 2690 1467 quid
2717 1388 2794 1449 ad
2822 1399 2878 1448 te

2339 1493 2403 1543 tu
2431 1501 2526 1543 me
2555 1500 2800 1561 sequere
2821 1515 2838 1531 ·

2339 1578 2385 1611 ²³
2401 1576 2602 1637 Exiuit
2629 1596 2772 1654 ergo
2799 1578 2892 1637 hic
2923 1594 3018 1637 ser

2341 1688 2443 1730 mo
2472 1672 2618 1730 inter
2644 1671 2846 1731 fratres
2865 1702 2879 1717 ·

3093 1467 3798 1498 mmmmm

3135 1624 3313 1685 INCI
3354 1602 3493 1685 P'rr
3525 1658 3538 1671 -
3571 1624 3667 1684 SE
3697 1657 3751 1674 .-

2342 1766 2503 1841 quod
2533 1764 2848 1842 discipulus
3156 1779 3329 1841 CUN
3371 1780 3578 1841 DUM.
3601 1813 3616 1829 .

2340 1858 2434 1918 ille
2461 1876 2584 1917 non
2611 1859 2853 1918 moritur
2869 1890 2883 1906 ·

2341 1952 2421 2013 Et
2447 1970 2569 2012 non
2597 1952 2742 2013 dixit
2767 1953 2844 2011 ini
2874 1953 2961 2011 ihs
3205 1938 3312 1997 LV
3343 1938 3520 1999 KAN
3544 1975 3592 1991 ··
3619 1976 3632 1991 ·
3657 1975 3670 1987 ·
3695 1973 3716 1991 ·

2263 2076 2268 2081 ·
2343 2064 2466 2106 non
2494 2048 2762 2107 morietur
2780 2077 2796 2093 ·
2859 2046 2977 2106 Sed

2343 2141 2394 2200 si
2420 2140 2578 2199 illum
2607 2140 2746 2201 uolo
2773 2158 2936 2200 rema
3118 2138 3346 2199 initium
3375 2140 3672 2219 euangelii

2343 2252 2481 2293 nere
2508 2234 2702 2294 donec
2730 2234 2953 2293 uenia·-
3161 2234 3321 2295 sec’d
3349 2234 3553 2295 Lucan

935 2400 1005 2445 ce
1036 2396 1181 2444 oues
1206 2398 1368 2443 mea,
1392 2414 1407 2431 .
2343 2367 2486 2443 quid
2507 2366 2584 2425 ad
2605 2376 2661 2425 te
2684 2398 2699 2413 ·
2730 2364 2773 2399 ²⁴
2796 2366 2915 2426 Hic
2938 2376 3026 2426 est
3043 2366 3072 2399 *
3090 2372 3139 2425 1.
3182 2365 3203 2399 ²
3223 2367 3526 2441 Quoniam
3555 2367 3796 2447 quidem

957 2477 1002 2511 ιε
1018 2495 1195 2538 amen
1224 2478 1360 2538 dico
1387 2476 1491 2540 tibi
2346 2461 2662 2538 discipulus
2690 2462 2792 2540 qui
2821 2472 2908 2521 tes
3049 2462 3078 2493 ¹⁸¹
3097 2463 3262 2520 multi
3290 2463 3488 2521 conati
3515 2474 3654 2523 sunt

950 2587 1085 2633 eras
1112 2573 1341 2632 iuuenis
1365 2602 1379 2618 .
2345 2557 2595 2616 tificatur
2622 2557 2694 2615 de
2723 2556 2814 2616 his
2837 2589 2850 2602 ·
3047 2553 3078 2588 *
3097 2558 3367 2617 ordinare
3395 2576 3566 2617 narra

992 2668 1225 2744 „gebas
1250 2675 1308 2726 te
1331 2696 1346 2713 .
1406 2675 1470 2726 et
2345 2661 2406 2710 et
2433 2650 2533 2728 qui
2561 2650 2790 2727 scn’psit
2817 2648 2960 2709 haec
3047 2649 3316 2711 *tionem
3346 2671 3538 2712 rerum

1033 2761 1140 2820 bas
1166 2761 1265 2819 ubi
1292 2777 1373 2819 uo
2347 2755 2406 2804 et
2433 2746 2650 2804 scimus
2677 2745 2814 2822 quia
2841 2761 2915 2802 ue
3051 2743 3082 2778 *
3101 2763 3252 2823 quae
3281 2748 3342 2804 in
3371 2748 3542 2807 nobis
3572 2765 3692 2808 con

1114 2871 1217 2912 um
1244 2857 1376 2912 aute
1446 2867 1453 2874 ·
2345 2857 2477 2898 rum
2505 2848 2592 2897 est
2621 2838 2912 2897 testimoni
3051 2837 3082 2870 '⁸‘
3100 2839 3255 2918 pieta
3284 2850 3418 2900 sunt
3437 2873 3452 2888 ·
3495 2839 3686 2902 ’sicut

1144 2946 1426 3006 extendes
2346 2950 2449 2991 um
2477 2932 2626 2991 illius
2649 2962 2664 2978 ·
2725 2928 2770 2963 ²⁶
2787 2942 2923 2991 sunt
3100 2935 3458 2995 tradiderunt
3485 2937 3655 2996 uobis
3677 2969 3690 2982 ·

1199 3050 1259 3099 et
1285 3039 1361 3099 ali
2348 3036 2546 3087 autem
2573 3036 2630 3085 et
2658 3025 2768 3084 alia
2795 3025 2916 3083 mul
3102 3029 3204 3106 qui
3230 3031 3308 3087 ab
3335 3029 3499 3087 initio
3527 3031 3638 3107 ipsi
3665 3030 3727 3088 ui

1280 3142 1340 3190 et
2349 3132 2411 3181 ta.
2436 3137 2587 3198 quae
2615 3119 2750 3178 fecit
2777 3118 2867 3176 ihs
2891 3149 2904 3165 ·
3102 3123 3313 3182 derunt
3339 3133 3398 3182 et
3425 3125 3599 3183 minis

2348 3231 2500 3292 quae
2529 3213 2576 3270 si
2605 3213 2931 3271 scribantur
3101 3217 3173 3275 tri
3204 3216 3428 3277 suerunt
3454 3219 3618 3277 uerbi
3642 3251 3657 3264 ·

2348 3326 2454 3387 per
2481 3305 2709 3383 singula
2737 3323 2846 3365 nec
2873 3325 2914 3364 u
3105 3310 3126 3343 ⁸
3144 3310 3366 3370 Placuit
3393 3321 3450 3370 et
3477 3312 3622 3370 mihi
3649 3323 3708 3372 et

2352 3419 2483 3462 sum
2511 3400 2760 3460 aestimo
2789 3417 2931 3476 poss
3106 3405 3331 3482 spiritui
3359 3412 3462 3464 sco
3492 3405 3569 3466 ad
3597 3423 3662 3466 se

2351 3512 2563 3572 capere
2589 3493 2878 3552 mundum
3106 3510 3244 3558 cuto
3272 3518 3309 3558 a
3336 3499 3626 3576 principio
3649 3531 3663 3547 ·

2352 3590 2454 3669 qui
2485 3589 2815 3649 scribuntur
3106 3593 3385 3652 omnibus
3414 3594 3634 3671 diligen

2423 3707 2507 3738 m
2533 3682 2662 3742 libri
2692 3706 2779 3740 os.
3107 3697 3194 3746 ter
3262 3706 3336 3746 ex
3363 3687 3568 3746 ordine
3595 3688 3700 3748 tibi

3109 3781 3359 3840 scribere
3387 3781 3610 3858 optime

3108 3875 3406 3951 theophile
3430 3906 3446 3920 ·
3487 3875 3511 3908 ⁴
3529 3885 3592 3934 ut
3619 3894 3738 3952 cog

3111 3987 3326 4030 noscas
3355 3987 3562 4028 eorum
3588 3987 3693 4028 uer

3111 4064 3324 4122 borum
3355 4063 3429 4122 de
3458 4057 3671 4142 quibus

3112 4158 3370 4219 eruditus
3399 4175 3464 4218 es
3491 4159 3734 4219 ueritate

4291 11 4327 220 θ’*
