4373 5048
462 530 588 580 rol.
605 530 726 583 188.

765 341 848 427 98

770 520 962 583 ducite
989 518 1237 578 uitulum

767 615 932 674 illum
957 622 1190 691 pastum
1259 620 1317 671 et

767 707 1017 768 occidite
1043 715 1102 766 et
1133 724 1274 765 man

770 802 1052 861 ducemus
1079 810 1138 861 et
1167 818 1318 877 aepu

769 897 956 956 lemur
1023 894 1222 972 ¹⁴quia
1249 894 1344 954 hic

770 990 922 1049 filius
949 1008 1118 1049 meus
1150 1008 1282 1049 mor

769 1095 904 1145 tuus
933 1094 1054 1144 erat
1081 1094 1138 1144 et
1168 1102 1228 1143 re

769 1179 916 1238 uixit
937 1210 953 1225 ·
1016 1178 1264 1255 perierat

771 1284 831 1333 et
857 1272 1128 1331 inuentus
1155 1279 1242 1331 est
1265 1300 1280 1316 ·

771 1378 830 1427 et
859 1374 1172 1444 coeperunt
1200 1381 1352 1441 aepu

769 1461 876 1521 lari
894 1492 908 1508 ·
951 1460 998 1496 ²⁸
1014 1461 1157 1519 Erat
1183 1462 1314 1519 aute

771 1556 925 1616 filius
953 1556 1077 1615 eius
1107 1554 1302 1613 senior

772 1651 834 1710 in
863 1667 1006 1727 agro
1065 1657 1122 1707 et
1149 1664 1288 1706 cum

771 1744 994 1805 ueniret
1019 1750 1078 1801 et
1111 1740 1296 1818 adpro

774 1838 958 1917 piaret
985 1835 1188 1895 domui
1207 1865 1222 1880 ·

773 1931 997 1992 audiuit
1022 1927 1312 2007 symfonia

775 2036 835 2087 et
863 2025 1105 2085 chorum
1131 2054 1145 2071 ·
1188 2024 1232 2057 ²⁸
1248 2030 1306 2081 et
1339 2038 1419 2079 uo

773 2120 932 2180 cauit
959 2134 1143 2178 unum
1170 2116 1246 2175 de

775 2212 958 2273 seruis
1027 2221 1086 2271 et
1112 2212 1257 2269 inter

775 2307 1006 2384 rogauit
1066 2322 1216 2383 quae

2130 340 2370 405 SECD
2393 373 2406 388 ·

1518 525 1583 576 ut
1610 534 1746 576 cum
1775 517 1978 577 amicis
2005 532 2102 578 me

1517 610 1568 670 is
1599 612 1934 687 aepularem
1957 643 1972 658 ·

1519 704 1566 738 ⁸⁰
1587 703 1700 763 Sed
1727 715 2042 783 postquam
2071 703 2151 763 fili

1519 816 1591 858 us
1618 798 1714 858 hic
1741 808 1874 857 tuus
1937 799 2038 875 qui

1524 893 1824 952 deuorauit
1852 894 1964 951 sub

1522 987 1790 1047 stantiam
1818 995 1980 1046 tuam

1525 1098 1661 1141 cum
1687 1081 2038 1141 meretricib⁹

1523 1175 1684 1234 uenit
1708 1184 1766 1233 et
1793 1175 2056 1235 occidisti

1523 1280 1603 1339 illi
1631 1280 1878 1340 uitulum
1907 1268 2078 1341 {litii}

1523 1375 1685 1433 illum
1714 1386 1946 1452 pastum
1965 1406 1980 1423 ·
2005 1406 2019 1422 ·

1523 1466 1568 1501 ⁸¹
1589 1478 1646 1529 et
1674 1470 1800 1546 ipse
1831 1468 1971 1528 dixit
1999 1468 2078 1527 illi
2100 1500 2114 1516 ·

1524 1563 1604 1621 fili
1633 1572 1695 1621 tu
1725 1580 1957 1621 mecum
1987 1562 2048 1621 fu

1524 1657 1616 1716 isti
1651 1674 1882 1734 semper
1910 1666 1968 1715 et
1995 1674 2060 1717 es
2079 1688 2094 1705 ·

1525 1760 1584 1811 et
1611 1751 1812 1810 omnia
1839 1760 1940 1809 tua
1968 1767 2102 1812 mea

1527 1853 1663 1904 sunt
1686 1876 1700 1891 ·
1743 1841 1787 1877 ⁸²
1805 1842 2063 1920 aepulari
2089 1861 2166 1903 au

1527 1948 1646 1999 tem
1675 1948 1733 1996 et
1758 1936 2016 2014 gaudere

1526 2040 1759 2110 oportet
1829 2030 1991 2108 quod

1528 2126 1698 2185 frater
1726 2134 1859 2183 tuus
1895 2141 2027 2182 mor

1527 2228 1661 2280 tuus
1687 2226 1895 2293 eratet
1922 2218 2126 2277 reuixit

1528 2312 1774 2390 perierat
1803 2321 1862 2371 et
1889 2312 2068 2371 inuen

1775 2412 1868 2465 tus
1902 2414 1991 2465 est
2009 2430 2092 2459 „a

775 2535 922 2594 haec
950 2539 1146 2592 essent
1166 2561 1180 2578 ·
1223 2529 1270 2566 ²⁷
1287 2529 1374 2590 his
1477 2537 1510 2602 *,
1529 2542 1623 2598 16.
1644 2536 1663 2570 ¹
1675 2537 1926 2597 Dicebat
1942 2546 2137 2597 autem
2155 2548 2213 2597 et

776 2647 926 2707 quae
955 2627 1101 2687 dixit
1129 2624 1206 2684 illi
1237 2625 1373 2703 quia

775 2722 949 2783 frater
975 2731 1110 2782 tuus
1139 2721 1300 2781 uenit

776 2826 836 2876 et
864 2816 1080 2877 occidit
1107 2825 1272 2894 pater
1297 2823 1360 2873 tu

777 2929 849 2972 us
876 2911 1121 2976 uitulum
1151 2910 1312 2969 illum

776 3015 1011 3084 pastum
1073 3005 1211 3083 quia
1237 3003 1324 3062 sal

779 3117 922 3159 uum
949 3099 1111 3157 illum
1137 3115 1269 3157 rece

780 3195 867 3272 pit
889 3225 904 3240 ·
945 3192 1344 3268 ”indignatus

781 3298 871 3348 est
899 3296 1093 3347 autem
1123 3295 1181 3344 et
1209 3284 1398 3344 noluit

779 3383 990 3441 intrare
1013 3413 1028 3428 ·
1087 3379 1258 3438 Pater

781 3493 925 3536 uero
953 3475 1102 3534 illius
1129 3489 1298 3549 egres

783 3587 884 3629 sus
912 3569 1103 3646 coepit
1129 3583 1335 3644 rogare

782 3663 946 3723 illum
969 3695 982 3710 ·
1025 3661 1069 3696 ⁸⁹
1087 3671 1144 3722 at
1172 3661 1265 3720 ille
1293 3675 1386 3718 res

784 3757 1056 3836 pendens
1084 3756 1228 3815 dixit
1253 3772 1332 3832 pa

784 3853 855 3912 tri
884 3869 992 3910 suo
1013 3883 1027 3897 ·
1089 3865 1229 3910 ecce
1258 3845 1420 3925 quod

785 3945 956 4007 annis
984 3945 1172 4004 seruio
1203 3943 1303 4001 tibi

785 4050 844 4100 et
872 4055 1194 4115 numquam
1223 4053 1364 4094 man

786 4135 988 4194 datum
1017 4142 1180 4191 tuum
1208 4147 1348 4206 prae

785 4228 912 4290 terii
935 4259 950 4274 ·
1015 4237 1075 4286 et
1105 4233 1415 4301 numqua·-

785 4321 992 4382 dedisti
1021 4319 1161 4381 mihi
1190 4319 1402 4378 aedum

1477 2631 1506 2666 *
1528 2632 1607 2692 ad
1636 2630 1954 2709 discipulos
1991 2649 2059 2691 su

1479 2725 1510 2761 ¹⁸¹
1532 2743 1602 2787 os
1631 2725 1720 2784 ihs
1744 2757 1758 2772 ·
1818 2725 2002 2785 homo
2029 2727 2129 2802 qui

1475 2819 1506 2855 ”¹
1529 2820 1668 2880 darn
1697 2829 1816 2878 erat
1845 2819 2008 2879 diues

1531 2913 1631 2992 qui
1661 2913 1915 2972 habebat
1946 2914 2043 2972 uili

1531 3025 1670 3068 cum
1689 3039 1704 3054 ·
1767 3017 1826 3066 et
1854 3006 1948 3066 hic
1977 3006 2118 3066 diffa

1531 3112 1722 3161 matus
1749 3111 1874 3160 erat
1896 3100 2051 3178 apud

1529 3194 1692 3254 illum
1763 3196 1926 3272 quasi
1957 3195 2046 3253 dis

1532 3289 1778 3363 sipasset
1804 3288 1966 3347 bona
1993 3287 2116 3346 eius
2135 3317 2150 3334 ·

1530 3378 1553 3412 ²
1569 3390 1627 3439 et
1649 3381 1886 3440 uocauit
1912 3380 2072 3440 illum

1534 3475 1610 3535 ad
1638 3493 1701 3534 se
1729 3484 1788 3532 et
1809 3475 1888 3534 ait
1913 3475 1993 3533 illi

1534 3569 1674 3648 quid
1701 3567 1818 3628 hoc
1846 3568 2021 3629 audio
2050 3569 2124 3628 de

1533 3674 1593 3723 te
1613 3695 1626 3710 ·
1688 3662 1866 3723 redde
1895 3665 2043 3723 ratio

1533 3775 1672 3817 nem
1698 3757 2044 3818 uilicationis

1533 3862 1668 3911 tuae
1689 3883 1702 3898 -
1729 3884 1741 3898 ·
1808 3852 1927 3910 iam
1957 3853 2117 3911 enim

1535 3964 1658 4005 non
1685 3946 1902 4022 poteris
1929 3946 2030 4004 uili

1535 4058 1667 4099 care
1686 4070 1700 4086 ·
1744 4040 1766 4072 ³
1784 4038 1884 4098 Ait
1911 4043 2044 4100 aute

1535 4133 1738 4193 uilicus
1766 4133 1917 4192 intra
1941 4152 2038 4192 se·

1535 4227 1696 4299 Quid
1725 4226 1933 4286 faciam
1995 4227 2134 4305 quia

1465 4373 1478 4386 .
1536 4321 1646 4381 dfis
1675 4339 1838 4380 meus
1867 4319 2050 4381 aufert

2324 538 2361 578 a
2388 538 2482 579 me
2511 520 2908 582 uilicationem

2325 613 2526 674 fodere
2554 632 2678 675 non
2705 615 2877 676 ualeo

2326 708 2660 768 mendicare
2680 726 2783 769 eru

2324 802 2505 863 besco
2528 834 2543 849 ·
2586 804 2611 837 ⁴
2626 802 2885 881 cognoui

2326 896 2466 973 quid
2495 895 2703 956 faciam
2726 928 2741 943 ·
2800 906 2865 956 ut

2327 1008 2463 1049 cum
2494 1002 2727 1049 amotus
2754 990 2849 1051 fue

2326 1101 2395 1142 ro
2464 1102 2501 1141 a
2526 1084 2855 1144 uilicatione

2326 1178 2605 1254 recipiant
2634 1196 2729 1238 me
2756 1179 2819 1237 in

2329 1270 2535 1331 domo·
2562 1290 2695 1331 suas
2720 1304 2733 1321 ·
2778 1272 2801 1306 ⁸
2818 1270 2953 1333 Con

2327 1366 2551 1425 uocatis
2580 1366 2809 1443 itaquae

2330 1459 2591 1537 singulos
2620 1460 2821 1522 debito

2330 1572 2422 1614 res
2452 1553 2553 1613 dni
2574 1555 2660 1613 sui
2680 1582 2695 1600 ·
2757 1554 2887 1613 dice

2330 1648 2431 1707 bat
2457 1648 2647 1725 primo
2721 1666 2879 1725 quan

2330 1751 2456 1800 tum
2484 1740 2664 1801 debes
2693 1743 2812 1801 dfio

2332 1852 2466 1895 meo
2490 1866 2505 1881 ·
2548 1836 2569 1869 ⁸
2586 1844 2646 1895 at
2671 1835 2763 1896 ille
2792 1834 2937 1895 dixit

2332 1938 2566 1990 centum
2594 1930 2763 1989 batos
2790 1930 2941 1990 olei·

2333 2023 2493 2083 Dixit
2520 2033 2713 2083 autem
2740 2023 2818 2083 illi
2881 2043 2950 2085 ac

2331 2118 2463 2196 cipe
2492 2118 2705 2177 litteras
2734 2126 2863 2177 tuas
2893 2150 2906 2164 ·

2331 2224 2388 2272 et
2418 2213 2554 2272 sede
2584 2213 2699 2271 cito
2727 2212 2915 2272 scribe

2333 2306 2710 2384 cinquaginta
2730 2338 2813 2349 -—-

2332 2535 2356 2568 ⁷
2373 2533 2585 2594 deinde
2614 2534 2710 2592 alii
2738 2532 2883 2593 dixit
2906 2565 2919 2580 ·

2334 2637 2397 2688 tu
2426 2638 2710 2704 quantum
2742 2627 2923 2688 debes

2335 2723 2413 2781 ait
2432 2753 2447 2768 ·
2508 2730 2741 2781 centum
2770 2721 2883 2780 cho

2336 2833 2435 2875 rus
2462 2817 2629 2874 tritici
2650 2847 2664 2862 ·
2728 2816 2807 2876 ait
2834 2825 2891 2874 et

2337 2909 2414 2969 illi
2436 2941 2451 2956 ·
2516 2911 2716 2987 accipe
2743 2909 2935 2970 literas

2336 3013 2467 3062 tuas
2494 3014 2552 3063 et
2580 3004 2769 3063 scribe
2802 3036 2814 3050 ·
2860 3013 2999 3062 uctu

2337 3097 2457 3156 inta
2479 3128 2492 3145 ·
2536 3096 2557 3130 ⁸
2577 3097 2655 3155 Et
2682 3095 2939 3156 laudauit

2337 3190 2448 3250 dfis
2476 3191 2711 3251 uilicum
2738 3192 2921 3268 iniqui

2334 3285 2467 3345 tatis
2542 3285 2702 3363 quod
2727 3285 2955 3363 pruden

2336 3389 2423 3438 ter
2438 3378 2639 3438 fecerit
2662 3410 2676 3425 ·
2737 3379 2875 3455 quia

2337 3473 2415 3533 fili
2444 3473 2611 3534 huius
2639 3473 2817 3534 seculi

2337 3568 2739 3646 prudentiores
2768 3576 2902 3627 sunt

2336 3681 2517 3741 quam
2538 3661 2617 3721 fili
2642 3663 2788 3722 lucis

2335 3757 2398 3815 in
2426 3756 2537 3816 hac
2564 3757 2824 3835 generati

2336 3869 2452 3910 one
2476 3881 2490 3897 ·
2518 3884 2529 3897 ·
2558 3883 2571 3897 ·
2616 3851 2733 3910 ’Et
2760 3868 2877 3927 ego
2903 3867 2984 3908 uo

2335 3945 2429 4004 bis
2456 3944 2587 4004 dico
2645 3943 2815 4004 facite
2842 3961 2921 4003 uo

2334 4039 2425 4098 bis
2453 4039 2672 4099 amicos
2702 4039 2775 4098 de
2804 4056 2903 4097 ma

2336 4151 2518 4193 mona
2543 4133 2853 4210 iniquitatis

2337 4237 2399 4286 ut
2427 4245 2563 4287 cum
2592 4227 2913 4287 defeceritis

2334 4323 2611 4400 recipiant
2636 4340 2747 4381 uos

3254 354 3393 419 [XV.
3423 359 3667 423 23-XV1.
3700 358 3781 411 16.

3074 522 3138 581 in
3166 532 3401 583 aeterna
3427 526 3667 586 taberna

3076 615 3208 676 cula
3230 648 3245 662 ·
3290 615 3333 649 ¹⁰
3351 619 3451 695 qui
3480 618 3595 679 fide

3075 709 3145 769 lis
3174 719 3263 769 est
3290 710 3353 769 in
3381 713 3628 773 minimo

3076 812 3135 863 et
3163 805 3226 862 in
3254 804 3441 863 maius
3470 806 3656 866 fidelis

3078 906 3167 956 est
3190 928 3205 945 ·
3264 907 3323 957 et
3350 898 3449 974 qui
3477 899 3537 957 in
3564 918 3666 960 mo

3076 990 3214 1051 dico
3242 990 3461 1052 inicuus
3488 1003 3577 1054 est

3076 1094 3136 1145 et
3162 1085 3225 1144 in
3252 1086 3443 1145 maius
3470 1088 3699 1148 inicuus

3075 1186 3164 1239 est
3186 1210 3203 1226 ·
3246 1176 3290 1211 ¹¹
3310 1178 3369 1239 Si
3401 1198 3543 1257 ergo
3570 1182 3634 1241 in

3078 1290 3358 1332 mamona
3382 1274 3584 1352 iniquo

3079 1365 3279 1425 fideles
3308 1386 3432 1427 non
3460 1367 3645 1428 fuistis
3668 1400 3682 1416 ·

3080 1460 3241 1538 quod
3271 1472 3521 1520 uestrum
3550 1472 3639 1521 est

3081 1554 3211 1631 quis
3240 1555 3436 1615 credet
3464 1556 3635 1616 uobis
3658 1588 3674 1604 ·

3081 1645 3125 1680 ¹²
3141 1658 3199 1707 et
3227 1650 3274 1707 si
3303 1650 3366 1706 in
3392 1649 3583 1710 alieno
3612 1650 3728 1711 fide

3080 1741 3166 1801 les
3194 1760 3315 1801 non
3343 1742 3527 1803 fuistis
3551 1777 3566 1791 ·

3083 1837 3243 1914 quod
3280 1848 3539 1897 uestrum

3082 1940 3169 1989 est
3196 1931 3326 2008 quis
3355 1930 3515 1991 dabit
3539 1948 3621 1990 uo

3083 2024 3175 2083 bis
3194 2056 3208 2070 ·
3251 2024 3295 2057 ²⁸
3314 2042 3491 2085 nemo
3518 2042 3721 2085 seruus

3083 2117 3315 2176 duobus
3344 2118 3475 2177 dfiis
3504 2137 3586 2197 po

3082 2220 3192 2270 test
3220 2212 3430 2271 seruire
3489 2224 3589 2271 aut

3082 2306 3239 2364 enim
3268 2323 3451 2365 unum
3478 2306 3637 2365 odiet

3086 2543 3143 2592 et
3170 2529 3415 2592 alterum
3440 2532 3659 2592 amabit

3085 2637 3185 2687 aut
3210 2645 3393 2685 unum
3423 2629 3668 2704 patietur

3084 2730 3142 2781 et
3171 2721 3413 2780 alterum
3440 2730 3678 2780 contem

3085 2825 3186 2874 net
3205 2846 3219 2862 ·
3292 2813 3431 2876 Non
3462 2815 3705 2891 potestis

3088 2907 3167 2968 df>
3194 2909 3409 2967 seruire
3437 2917 3495 2967 et
3523 2927 3623 2966 ma

3087 3020 3269 3062 mona
3286 3034 3300 3048 ·
3322 3032 3337 3049 ·
3358 3031 3373 3048 ·
3412 3000 3791 3062 1‘Audiebant

3086 3104 3282 3155 autem
3311 3097 3510 3156 omnia
3538 3095 3685 3157 haec

3086 3181 3309 3249 farisaei
3338 3191 3435 3268 qui
3462 3201 3627 3250 erant

3086 3286 3244 3343 auari
3302 3295 3359 3344 et
3386 3285 3585 3345 deride

3085 3380 3229 3438 bant
3256 3397 3393 3437 eum
3410 3409 3425 3426 ·
3470 3377 3517 3412 ¹⁸
3532 3389 3589 3439 et
3617 3379 3697 3438 ait

3086 3473 3195 3531 illis
3214 3503 3229 3520 ·
3292 3471 3422 3532 Uos
3448 3474 3589 3532 estis
3616 3473 3719 3550 qui

3086 3567 3401 3626 iustificatis
3428 3585 3538 3626 uos
3566 3584 3643 3626 co

3086 3679 3213 3720 ram
3241 3661 3579 3720 hominibus
3598 3692 3612 3708 ·

3087 3755 3157 3814 ds
3186 3763 3382 3816 autem
3408 3755 3576 3814 nouit
3602 3773 3707 3815 cor

3087 3847 3164 3907 da
3191 3857 3384 3908 uestra
3439 3849 3576 3927 quia

3085 3942 3246 4020 quod
3273 3943 3608 4002 hominibus

3088 4037 3339 4096 aelatum
3366 4047 3454 4096 est
3516 4039 3673 4097 abbo

3086 4132 3327 4192 minatio
3356 4141 3441 4192 est
3470 4143 3606 4192 ante

3086 4227 3188 4285 dm
3212 4258 3226 4273 ·
3269 4225 3422 4286 ¹⁸lex
3453 4235 3509 4286 et
3537 4225 3705 4303 profe

3084 4329 3178 4380 tae
3204 4333 3341 4399 usq*
3366 4318 3444 4380 ad
3475 4319 3787 4381 iohanne*

3806 538 3935 587 rol.
3960 538 4096 586 134.
