4373 5048
1874 358 2099 421 JoHA
2107 345 2344 423 NNE·

594 367 633 415 1.
652 369 831 431 37-11.
868 365 975 433 ¹4·]
3526 380 3612 447 43

2180 501 2331 551 tertia
2353 501 2505 552 lectio
2527 504 2577 553 in
2600 502 2683 553 die
2704 498 2796 553 sco

2266 566 2512 631 Epefania

272 642 402 691 Ποῖ·
424 642 553 695 ²0⁸-
594 644 640 678 θ’
658 642 737 704 Et
764 644 1067 704 audierunt
1094 649 1169 703 eu
1346 643 1427 705 Et
1454 646 1665 705 inuenit
1692 646 1957 724 filippum
2159 649 2358 709 Amen
2385 669 2558 711 amen
2587 652 2723 712 dico
2909 646 3348 709 Architriclinus
3655 643 3779 694 ³⁸⁰1·
3795 644 3924 693 200.

596 738 716 798 duo
745 737 1011 816 discipuli
1046 739 1135 797 sui

595 832 935 909 loquentem
954 864 969 879 ·
1033 843 1092 893 et
1120 850 1185 893 se

594 925 711 985 cuti
740 936 876 985 sunt
902 926 1023 986 ihm
1043 957 1057 974 ·

593 1018 640 1052 ⁸⁸
652 1018 732 1078 Et
752 1037 1071 1080 conuersus
1098 1020 1189 1079 ihs

1347 748 1407 798 et
1436 739 1578 799 dixit
1605 739 1683 799 illi
1712 740 1802 800 ihs
1830 742 1965 817 seqS

1349 852 1414 891 re
1432 851 1529 892 me
1550 864 1565 880 ·
1595 834 1772 893 “erat
1790 843 1976 893 *utem
1992 834 2033 893 fi

1347 925 1542 1003 lippus
1570 945 1607 987 a
1631 927 1895 987 betsaida
1916 958 1931 974 ·

1349 1019 1423 1078 de
1451 1020 1685 1080 ciuitate
1714 1019 1967 1080 andreae

590 1112 734 1172 uidit
762 1131 866 1174 eos
894 1130 1116 1191 sequen
1345 1121 1405 1171 et
1434 1114 1581 1189 petri
1602 1144 1617 1160 ·
1676 1114 1723 1147 ⁴⁶
1743 1115 1977 1174 Inuenit
2154 1126 2244 1177 tes
2273 1127 2331 1176 et
2359 1119 2744 1181 ascendentes

593 1215 684 1266 tes
712 1225 776 1267 se
846 1218 904 1267 et
932 1207 1075 1267 dixit
1101 1205 1212 1265 illis
1234 1237 1251 1253 ·
1346 1206 1579 1285 filippus
1608 1207 1865 1267 nathana
2154 1210 2232 1269 ad
2260 1211 2440 1270 filium
2467 1211 2727 1291 hominis
2747 1245 2760 1260 ·
2777 1244 2824 1259 -

591 1300 732 1379 quid
759 1302 1029 1379 quaeritis
1052 1332 1068 1347 ·
1238 1344 1251 1357 .
1344 1299 1400 1359 el
1417 1332 1432 1347 ·
1496 1310 1555 1360 et
1583 1300 1725 1360 dixit
1752 1301 1867 1359 illi·
1932 1320 2045 1379 que
2105 1297 2136 1331 *
2158 1308 2218 1365 2.
2261 1303 2368 1363 ¹Et
2393 1306 2560 1365 tertia
2588 1307 2682 1366 die
2709 1324 2831 1385 nup

592 1395 674 1454 At
700 1394 780 1453 illi
808 1394 1077 1455 dixerunt
1102 1395 1159 1454 ei
1344 1394 1573 1471 scripsit
1599 1412 1835 1472 moyses
2102 1397 2135 1433 ‘¹
2152 1396 2267 1457 tiae
2294 1396 2442 1457 facte
2469 1409 2606 1459 sunt

589 1488 756 1547 rabbi
784 1488 944 1566 quod
970 1490 1119 1548 inter
1342 1488 1407 1547 in
1432 1488 1563 1563 lege
1591 1498 1649 1547 et
1676 1488 1901 1567 profete
2104 1486 2133 1520 '⁸¹
2153 1490 2215 1548 in
2243 1509 2393 1551 cana
2418 1492 2662 1569 galileae

592 1590 848 1660 pretatur
873 1583 1063 1659 magis
1344 1579 1688 1641 Inuenimus
1717 1582 1840 1640 ihm
1866 1582 1907 1643 fi
2105 1581 2135 1615 *
2156 1583 2233 1642 Et
2260 1595 2381 1645 erat
2407 1598 2591 1647 mater
2619 1587 2718 1646 ihu

591 1685 682 1736 ter
756 1676 857 1734 ubi
885 1694 1092 1736 manes
1112 1706 1128 1723 ·
1342 1674 1484 1733 lium
1512 1675 1721 1753 ioseph
1803 1694 1841 1735 a
1866 1694 1943 1736 na
2104 1673 2135 1707 *
2154 1677 2236 1736 ibi
2259 1710 2273 1726 ·
2299 1709 2314 1726 ·
2373 1676 2397 1710 ¹
2414 1690 2659 1739 uocatus
2687 1689 2777 1740 est

590 1768 637 1804 ⁸·
652 1769 812 1829 Dixit
837 1770 947 1830 illis
974 1769 1169 1829 uenite
1344 1769 1543 1829 zareth
1561 1800 1576 1816 ·
1640 1770 1684 1803 ⁴⁶
1699 1779 1758 1829 et
1786 1769 1932 1830 dixit
2103 1772 2136 1808 ‘¹
2156 1782 2352 1831 autem
2378 1773 2469 1832 ihs
2497 1783 2555 1832 et
2583 1774 2672 1833 dis

592 1872 652 1922 et
677 1863 871 1924 uidete
889 1895 904 1911 ·
966 1882 1121 1923 uene
1342 1862 1423 1921 illi
1449 1862 1763 1923 nathanael
1785 1895 1801 1911 ·
1843 1882 1917 1924 ex
2149 1865 2328 1944 cipuli
2359 1867 2480 1926 eius
2509 1867 2586 1925 ad
2614 1886 2738 1946 nup

589 1967 723 2018 runt
750 1966 809 2016 et
834 1957 1103 2017 uiderunt
1342 1956 1621 2017 nazareth
1648 1967 1842 2033 potest
2148 1958 2257 2018 tias
2280 1991 2295 2007 ·
2354 1960 2376 1993 ⁸
2397 1971 2457 2020 et
2485 1979 2622 2021 cum
2650 1962 2724 2023 de

590 2051 691 2110 ubi
719 2052 995 2112 manebat
1012 2083 1027 2098 ·
1087 2050 1167 2110 Et
1341 2050 1561 2127 aliquid
1587 2052 1730 2110 boni
1756 2070 1885 2111 esse
1908 2083 1923 2101 ·
2148 2050 2381 2114 fecisset
2407 2056 2611 2114 uinum
2630 2088 2646 2103 ·

2910 759 3125 819 aquam
3153 743 3359 802 uinum
3388 742 3482 803 fac

2910 845 3035 894 tum
3105 846 3162 897 et
3191 837 3491 914 ignorab⁸t

2907 929 3067 988 unde
3095 940 3251 990 esset
3331 932 3414 989 mi

2909 1022 3076 1081 nistri
3103 1040 3245 1084 uero
3273 1025 3395 1085 scie

2908 1117 3051 1175 bant
3079 1117 3216 1194 quia
3243 1118 3401 1178 aurie

2908 1220 3040 1268 rant
3067 1228 3283 1286 aquam
3307 1242 3322 1257 ·

2909 1301 3082 1363 Tunc
3110 1314 3284 1363 uocat
3312 1311 3538 1382 sponsii

2908 1396 3324 1457 architriclinus

2907 1486 2954 1522 ¹⁰
2969 1502 3027 1550 et
3056 1491 3199 1550 dixit
3227 1492 3340 1550 illi·
3395 1493 3591 1553 omnis

2907 1584 3090 1644 homo
3117 1586 3373 1662 primum
3399 1586 3460 1644 ui

2907 1694 3050 1735 num
3077 1680 3302 1738 bonum
3330 1678 3500 1757 ponit
3521 1710 3538 1729 ·

2907 1769 3118 1831 deinde
3145 1789 3282 1831 cum
3311 1772 3492 1833 inobri

2907 1865 2985 1925 ati
3011 1864 3223 1924 fuerint
3248 1865 3414 1924 homi

2905 1976 3012 2017 nes
3041 1958 3102 2018 id
3130 1960 3292 2035 quod
3321 1959 3506 2019 deteri

2903 2068 2974 2109 us
2995 2078 3009 2093 ·
3073 2061 3137 2110 tu
3165 2062 3357 2111 autem
3383 2070 3455 2111 us

2157 744 2328 803 uobis
2359 747 2494 822 quia
2522 764 2559 803 a
2585 746 2768 805 modo

2156 837 2422 899 uidebitis
2449 840 2675 899 caelum

2116 980 2127 988 .
2157 940 2423 1008 apertum
2442 964 2456 979 ·
2519 944 2577 993 et
2603 951 2757 1010 ange

2155 1023 2248 1083 los
2277 1024 2338 1084 di
2366 1025 2702 1086 descenden

588 2144 747 2221 apud
772 2144 933 2203 illum
967 2162 1112 2203 man

591 2248 788 2297 serunt
814 2238 911 2299 illa
938 2238 1033 2297 die
1055 2269 1071 2285 ·

592 2329 763 2391 Hora
796 2341 918 2391 erat
948 2331 1066 2392 fere
1094 2330 1169 2393 de

587 2426 743 2487 eima
759 2457 775 2473 ·
836 2426 883 2459 ⁴⁰
897 2426 1039 2485 Erat
1065 2446 1145 2486 an

591 2557 761 2618 dreas
789 2557 961 2618 frater
990 2559 1143 2618 simo

590 2651 682 2711 nis
711 2653 863 2728 petri
929 2669 1082 2712 unus
1112 2651 1189 2711 de

588 2745 815 2805 duobus
834 2776 849 2794 ·
893 2745 994 2822 qui
1022 2745 1194 2804 audie

589 2848 721 2914 rant
749 2841 826 2898 ab
852 2839 1109 2899 iohanne

592 2942 649 2992 et
677 2933 859 2992 secuti
888 2932 1117 2992 fuerant
1142 2942 1284 2993 eu*-

589 3026 633 3060 ⁴¹
650 3025 884 3086 Inuenit
902 3026 997 3086 hic
1024 3027 1263 3103 primu*

592 3119 823 3180 fratrem
852 3137 1021 3179 suum
1051 3120 1099 3178 si

592 3231 836 3274 monem
864 3223 923 3273 et
950 3213 1094 3272 dixit
1118 3213 1173 3273 ei
1192 3245 1207 3260 ·

588 3306 927 3368 Inuenimus
954 3307 1219 3366 messia*

590 3401 751 3478 quod
778 3401 1126 3478 interpraeta

594 3503 685 3553 tur
712 3499 825 3572 xps
844 3525 859 3541 ·
920 3495 965 3528 ⁴²
982 3504 1041 3552 et
1056 3491 1297 3552 adduxit

590 3588 749 3647 illum
780 3587 857 3646 ad
885 3587 1007 3646 ihm
1029 3618 1044 3634 ·
1107 3586 1184 3646 Et
1210 3605 1272 3648 re

593 3683 851 3759 spiciens
879 3698 1014 3740 eum
1042 3680 1133 3740 ihs

593 3776 739 3836 dixit
767 3784 830 3833 tu
857 3793 921 3836 es
951 3776 1144 3834 simon

591 3869 740 3928 filius
767 3870 940 3928 ionae
968 3877 1029 3926 tu
1057 3885 1209 3928 uoca

514 4029 519 4034 ,
589 3963 743 4022 beris
770 3962 991 4039 cephas
1018 3961 1170 4039 quod

591 4057 997 4134 interpretatur
1023 4073 1100 4132 pe

588 4159 709 4208 trus
726 4179 741 4198 ·
800 4148 845 4182 ⁴⁸
865 4148 1143 4224 Sequenti

584 4252 780 4302 autem
809 4241 905 4301 die
931 4241 1113 4301 uoluit

584 4337 876 4417 proficisci
907 4335 970 4398 in
996 4334 1269 4413 galilea‘·

1346 2144 1485 2205 dicit
1512 2145 1591 2203 illi
1618 2144 1849 2223 filippus
1874 2164 1950 2205 ue

1344 2241 1406 2297 ni
1439 2248 1497 2297 et
1525 2239 1659 2298 uide
1681 2270 1696 2285 ·
1761 2240 1806 2273 ⁴⁷
1820 2240 1964 2299 uidit

1340 2332 1432 2391 ihs
1458 2332 1771 2393 nathanael
1795 2335 1930 2393 ueni

1342 2438 1539 2486 entem
1561 2426 1637 2486 ad
1664 2445 1728 2487 se
1750 2458 1765 2475 ·
1808 2436 1868 2486 et
1888 2428 2031 2487 dixit

1344 2558 1419 2619 de
1448 2559 1547 2619 illo
1572 2589 1587 2606 ·
1646 2557 1806 2619 Eece
1832 2577 2005 2619 uerus

1342 2652 1663 2713 israhelites
1754 2653 1816 2711 in
1842 2670 1963 2730 quo

1343 2746 1513 2807 dolus
1540 2765 1665 2806 non
1694 2755 1783 2806 est
1804 2777 1820 2794 ·
1884 2745 1929 2779 ⁴⁸
1947 2746 2027 2805 Di

1341 2840 1419 2899 cit
1445 2840 1525 2899 illi
1552 2839 1866 2901 nathanael

1340 2934 1499 2993 unde
1524 2953 1622 2993 me
1650 2933 1805 2994 nosti
1822 2964 1837 2982 ·

1344 3026 1679 3104 Respondit
1746 3027 1837 3087 ihs
1916 3065 1925 3074 ·

1344 3131 1402 3181 et
1432 3121 1577 3180 dixit
1604 3120 1681 3179 illi
1760 3130 1899 3182 ante

1344 3232 1521 3292 quam
1550 3223 1608 3272 te
1634 3213 1868 3292 filippus

1345 3316 1583 3367 uocaret
1663 3326 1800 3367 cum
1828 3326 1959 3370 eses

1344 3403 1453 3462 sub
1474 3403 1680 3461 arbore
1709 3402 1803 3462 fici

1345 3496 1463 3554 uidi
1491 3506 1548 3556 te
1572 3527 1587 3542 ·
1651 3496 1695 3528 ⁴⁹
1716 3495 1961 3571 Respon

1346 3590 1430 3649 dit
1457 3588 1769 3648 nathanael
1795 3598 1853 3648 et

1346 3683 1489 3743 dixit
1516 3683 1569 3742 ei
1651 3682 1817 3742 rabbi
1845 3691 1908 3740 tu
1934 3699 1999 3742 es

1348 3777 1499 3835 filius
1528 3776 1589 3835 di
1606 3807 1621 3822 ·
1664 3786 1727 3834 tu
1753 3793 1817 3835 es
1839 3794 1942 3835 rex

1344 3869 1415 3928 isi
1438 3899 1452 3916 ·
1511 3867 1559 3902 ⁸⁰
1578 3868 1910 3946 Respondit

1344 3964 1433 4022 ihs
1461 3972 1520 4022 et
1546 3962 1690 4022 dixit
1716 3962 1794 4021 illi
1814 3993 1829 4009 ·
1891 3963 2029 4038 quia

1344 4057 1463 4116 dixi
1489 4056 1613 4115 uidi
1638 4066 1697 4114 te
1726 4057 1835 4115 sub
1862 4074 1927 4114 ar

1340 4152 1482 4210 bore
1511 4150 1607 4209 fici
1633 4151 1821 4209 credis
1843 4180 1858 4196 ·

1340 4245 1565 4303 maiora
1592 4241 1801 4302 horum
1827 4243 1889 4301 ui

1341 4337 1509 4397 debis
1528 4367 1541 4384 ·
1602 4334 1645 4369 ⁸¹
1667 4335 1745 4396 Et
1773 4336 1915 4396 dixit
1940 4335 1995 4397 ei

2146 2144 2308 2207 Dicit
2335 2158 2520 2208 mater
2547 2150 2647 2207 ihu
2673 2149 2752 2210 ad

2148 2257 2286 2299 eum
2308 2272 2324 2287 ·
2387 2242 2591 2303 uinum
2619 2261 2744 2303 non

2149 2333 2370 2393 habent
2395 2365 2410 2384 ·
2474 2336 2497 2367 ⁴
2515 2345 2572 2395 et
2600 2336 2746 2397 dixit

2148 2427 2228 2486 illi
2257 2426 2346 2487 ihs
2366 2458 2381 2475 ·
2443 2430 2582 2506 quid
2608 2430 2752 2489 mihi

2152 2569 2210 2619 et
2237 2559 2342 2620 tibi
2368 2560 2574 2620 mulier
2654 2579 2779 2621 non

2149 2651 2290 2711 dum
2318 2653 2481 2712 uenit
2508 2652 2654 2714 hora
2681 2672 2815 2715 mea
2838 2687 2854 2703 ·

2147 2744 2170 2779 ⁸
2186 2746 2350 2806 Dixit
2377 2758 2570 2807 autem
2600 2758 2786 2810 mater

2148 2839 2249 2900 ihu
2279 2841 2555 2902 ministris
2573 2873 2589 2888 ·

2144 2934 2556 3013 quodcumque
2592 2935 2726 2997 dixe

2142 3029 2216 3090 rit
2238 3030 2412 3088 uobis
2437 3029 2610 3090 facite

2142 3122 2164 3154 ⁶
2180 3121 2366 3182 Erant
2380 3133 2579 3183 autem
2595 3124 2848 3202 hydreae

2142 3214 2407 3293 lapideae
2441 3235 2545 3277 sex
2574 3220 2766 3294 posite
2793 3285 2798 3288 ,

2144 3309 2468 3370 secundum
2494 3312 2664 3387 purifi

2093 3459 2099 3466 .
2144 3404 2441 3464 cationem
2469 3404 2748 3464 iudaeorii
2767 3436 2782 3452 ·

2144 3507 2424 3572 capentes
2454 3507 2765 3558 metraetas

2142 3589 2314 3648 binas
2341 3589 2435 3650 uel
2463 3601 2659 3651 ternas
2678 3623 2693 3640 ·

2143 3683 2167 3716 ⁷
2184 3682 2351 3742 Dixit
2376 3683 2485 3742 illis
2513 3685 2604 3744 ihs
2633 3684 2812 3762 imple

2144 3786 2238 3837 tae
2266 3776 2502 3854 hydrias
2529 3795 2684 3854 aqua
2705 3808 2720 3824 ·

2144 3879 2204 3929 et
2231 3869 2619 3946 impleuerunt
2646 3889 2748 3931 eas

2141 3980 2328 4041 usque
2355 3962 2431 4021 ad
2459 3981 2753 4023 summum
2772 3995 2788 4012 ·

2115 4052 2137 4085 ⁸
2145 4055 2225 4115 Et
2233 4057 2377 4116 dixit
2385 4056 2495 4115 illis
2503 4057 2682 4116 aurite
2694 4076 2852 4122 nunc

2143 4160 2203 4210 et
2227 4149 2369 4210 ferte
2397 4151 2705 4211 architricli

2138 4262 2221 4303 no
2241 4275 2256 4292 ·
2319 4254 2379 4303 et
2402 4244 2708 4306 atullerunt
2724 4276 2739 4292 ·

2138 4336 2325 4398 ⁹Cum
2345 4347 2540 4399 autem
2557 4348 2847 4416 gustasset
2892 4333 3168 4393 mularios
3195 4333 3469 4392 sedentes

2902 2162 3018 2221 que
3047 2163 3202 2205 nunc
3232 2163 3430 2207 seruas

2905 2240 2948 2296 ti
2969 2240 3191 2298 bonum
3217 2239 3421 2297 uinum
3440 2270 3455 2285 ·

2904 2329 2947 2365 ¹²
2966 2330 3106 2391 Hoc
3134 2332 3386 2409 primum
3415 2333 3582 2393 initia

2905 2423 3042 2485 fecit
3069 2424 3160 2485 ihs
3187 2425 3424 2503 signum

2904 2555 2966 2615 in
2996 2574 3144 2616 cana
3169 2556 3412 2634 galileae
3432 2586 3448 2604 ·
3509 2568 3569 2618 et

2905 2650 3301 2710 manifestauit
3327 2651 3478 2728 glori

2903 2761 3002 2803 am
3029 2762 3198 2803 suam
3217 2776 3232 2790 ·
3295 2753 3353 2804 et
3381 2762 3480 2804 ere

2901 2836 3172 2896 diderunt
3198 2837 3260 2895 in
3288 2837 3449 2896 illum

2902 2930 3171 3009 discipuli
3197 2931 3322 2990 eius
3341 2962 3356 2978 ·
3379 2963 3463 2973 —-

2899 3019 2946 3054 ¹²
2961 3023 3103 3084 Post
3129 3023 3238 3084 hec
3274 3023 3577 3084 descendit

2897 3133 3254 3194 capernaum
3281 3117 3404 3195 ipse

2897 3218 2956 3268 et
2987 3220 3173 3269 mater
3200 3211 3324 3269 eius
3397 3220 3456 3270 et

2896 3303 3164 3381 discipuli
3195 3303 3318 3362 eius
3341 3334 3356 3350 ·
3399 3312 3460 3364 et

2897 3397 2977 3456 ibi
3005 3407 3342 3457 manserunt
3369 3415 3495 3457 non

2897 3492 3113 3551 multos
3141 3491 3266 3551 dies
3289 3522 3305 3539 ·

2897 3583 2940 3617 ²⁸
2957 3584 3193 3644 Etcum
3220 3585 3281 3643 in
3309 3584 3581 3662 proximo
3639 3660 3646 3666 ·

2897 3688 3052 3738 esset
3081 3678 3302 3756 pascha
3331 3678 3466 3739 iude

2897 3788 3066 3830 orum
3148 3780 3209 3830 et
3235 3771 3501 3832 ascendit

2896 3863 3290 3942 hierosolyma
3316 3864 3406 3924 ihs
3429 3895 3444 3911 ·

2895 3957 2942 3992 ¹⁴
2956 3957 3036 4018 Et
3064 3959 3284 4018 inuenit
3310 3959 3373 4018 in
3399 3968 3520 4018 tem

2895 4052 2997 4128 plo
3023 4051 3346 4112 uendentes

2893 4163 3039 4205 oues
3065 4155 3123 4204 et
3149 4146 3336 4207 boues
3363 4156 3422 4205 et
3447 4163 3524 4206 co

2891 4239 3120 4298 lumbas
3201 4249 3263 4298 et
3291 4256 3436 4298 num

3178 4443 3279 4486 02
